3038 5010
544 403 548 411 ¹
649 372 873 435 EXCVRSVS.

426 529 504 601 Ἥξει
522 531 551 586 δέ
569 533 697 587 Κνωσσὸν
715 533 775 589 κάπὶ
794 535 920 604 Γόρτυνος
937 534 1032 601 δόμους

431 604 530 673 Τούμδν
547 604 668 672 ταλαίνης
684 605 764 674 πῆμα,
782 608 832 660 πᾶς
850 604 872 658 δ’
891 605 1035 662 ἀνάστατος

424 669 523 728 ’Ἔσται
541 680 693 746 στρατηγῶν
711 672 786 732 οἶκος.
818 676 847 730 οὗ
865 677 915 747 γὰρ
928 677 1027 746 ἥσυχος

431 745 547 812 Πορκεύς
565 746 674 799 δίκωπον
692 746 779 816 σέλμα
796 750 947 801 ναυστολῶν
965 747 1020 816 ε’λᾷ,

432 818 528 870 Λεῦκον
546 814 703 887 στροβήσων
720 816 825 886 φύλακα
843 819 888 886 τής
905 819 1052 904 μοναρχίας,

432 886 563 957 Ψυδραῖσί
579 884 602 940 τ’
620 887 717 958 ἔχθραν
733 891 858 958 μηχαναῖς
875 886 1031 945 ἀναπλεκων.

424 951 474 1011 ‘Or
493 959 551 1010 οὔτε
569 956 661 1011 τέκνων
679 955 780 1026 φήσετ’
800 961 858 1013 οὔτε
870 960 1006 1030 συγγάμου

432 1025 523 1094 Μήδας
541 1027 676 1114 δάμαρτος,
694 1026 850 1099 ήγριωμένος
861 1030 973 1102 ’φρένας,

433 1099 470 1152 Οὐ
489 1098 662 1168 Κλεισιθηρας
679 1099 813 1171 θυγατρός,
832 1099 861 1167 ής
878 1101 962 1169 πατήρ
980 1097 1060 1170 λέχος

433 1171 540 1242 θρεπτηῖ
559 1169 676 1241 δράκοντι
695 1170 890 1241 συγκαταινέσει
907 1173 1006 1241 πικρόν.

431 1239 533 1295 Πάντας
551 1239 575 1295 δ’
592 1239 710 1311 ἀνάγνοις
728 1243 820 1330 χερσίν
837 1242 866 1296 έν
883 1241 935 1312 ναῷ
953 1242 1035 1296 κτενεῖ

432 1311 566 1374 Λώβαισιν
582 1310 743 1367 αἰκισθέντας
768 1313 879 1382 Ογκαίου
896 1313 1003 1380 βόθρου.

219 1379 276 1435 Vbi
289 1381 403 1435 Tzetzes
414 1377 445 1433 ‘0
457 1385 553 1437 Λεῦκος
563 1384 610 1436 τοῦ
618 1384 722 1435 Χαλκοῦ
733 1383 820 1436 Τάλον
831 1387 878 1438 τοῦ
891 1384 989 1453 Κρητὸς
1001 1380 1031 1449 ἢν
1043 1380 1104 1448 υίδς,
1112 1376 1183 1452 ᾧτινι
1195 1378 1335 1452 Ἰδομένευς

185 1452 231 1520 τήν
246 1452 416 1514 βασιλείαν
431 1451 529 1506 καὶτὸν
541 1448 610 1505 οίκον
621 1452 756 1522 παρέθετο,
768 1453 810 1507 έπί
822 1454 869 1522 τήν
880 1453 974 1524 Τροίαν
985 1453 1108 1522 ἀπαίρων.
1143 1457 1240 1507 Τοῦτον
1251 1454 1334 1508 πείθει

186 1520 320 1577 Ναύπλιος
337 1522 473 1577 ἐπιθέσθαι
490 1522 521 1591 τῇ
539 1522 662 1592 βασιλεία
680 1527 727 1577 τοῦ
738 1521 892 1591 Ἰδομενέως·
910 1523 938 1579 δς
953 1523 999 1592 τήν
1010 1526 1115 1595 γυναῖκα
1131 1526 1177 1577 τοῦ
1189 1521 1335 1593 Ἰδομενέως

186 1591 278 1661 Μήδαν
297 1593 455 1661 καλουμένην
475 1593 568 1660 ἀνεῖλε,
590 1592 630 1647 καί
651 1593 698 1662 τήν
718 1594 844 1665 θυγατέρα
862 1594 1045 1664 Κλεισιθήραν,
1063 1591 1094 1662 ήν
1115 1593 1245 1664 ὑπέσχετο
1266 1594 1335 1666 αύτῷ

186 1662 280 1716 δώσειν
293 1667 399 1732 γυναῖκα
415 1663 519 1718 ἐπειδὰν
535 1663 585 1718 ἀπὸ
602 1666 647 1732 τής
661 1664 754 1735 Τροίας
770 1664 936 1735 ὑποστρέψῃ·
958 1664 1042 1720 ἀνεῖλε
1061 1665 1088 1718 δὲ
1107 1666 1148 1719 καὶ
1166 1664 1226 1721 τοὺς
1243 1665 1336 1721 παῖδας

186 1734 263 1802 αὐτῆς
275 1730 400 1802 Ἴφικλον
420 1735 461 1789 καί
482 1739 586 1789 Λεῦκον.
624 1733 705 1791 Οὗτος
726 1735 755 1790 δε“
776 1738 790 1788 ὁ
812 1740 907 1792 Λεῦκος
927 1737 987 1792 παῖς
1007 1735 1042 1789 ὣν
1060 1734 1174 1803 ἐξετέθη,
1195 1734 1225 1789 δν
1244 1736 1336 1800 λαβὼν

186 1799 326 1872 Ἰδομένευς
337 1805 436 1875 ἔθρεψε
447 1803 502 1860 καθ’
515 1806 615 1860 ἑαυτοῦ·
635 1806 674 1859 διὸ
687 1806 727 1859 καί
740 1808 850 1878 θρεπτὸν
862 1807 988 1874 δράκοντα
1000 1809 1093 1860 τοῦτον
1105 1809 1186 1860 καλεῖ.

224 1875 305 1930 Idem
322 1876 359 1930 ad
373 1878 438 1946 Lyc.
453 1877 513 1944 384.
531 1879 595 1930 Τότε
613 1875 642 1930 δὲ
657 1876 746 1946 μαθὼν
763 1877 809 1946 τήν
826 1881 873 1932 τοῦ
890 1878 946 1932 υίοῦ
964 1877 1094 1948 ἀναίρεσιν
1111 1879 1125 1930 ὁ
1141 1875 1233 1931 τούτου
1251 1875 1335 1947 πατήρ

187 1944 321 2002 Ναύπλιος
344 1945 456 2001 ἔπλευσε
479 1948 545 2015 πρὸς
567 1946 628 2003 τούς
643 1947 775 2016 Ἕλληνας
801 1949 842 2002 καί
867 1947 913 2016 τήν
936 1951 983 2003 τοῦ
1008 1948 1100 2002 παιδός
1123 1946 1214 2015 ἀπῄτει
1237 1947 1334 2015 ποινήν.

179 2011 330 2087 Ἀπρακτος
347 2017 375 2071 δέ
392 2016 571 2087 ὑποστρέψας,
588 2018 690 2072 πάντων
707 2018 879 2107 χαριζομένων
900 2017 936 2091 τηῖ
957 2020 1065 2082 βασιλεῖ
1081 2015 1260 2087 Ἀγαμέμνονι,
1278 2015 1336 2087 μεθ’

186 2085 218 2140 οὗ
228 2088 274 2141 τὸν
285 2086 443 2157 Παλαμήδην
454 2088 555 2142 ἀνεῖλεν
565 2091 580 2141 ὁ
593 2089 746 2157 Ὀδυσσευς,
759 2086 906 2160 περιπλέων
917 2090 1009 2143 λοιπὸν
1020 2090 1065 2144 τὰς
1077 2085 1230 2158 Ἑλληνίδας
1241 2089 1336 2158 χώρας,

186 2156 365 2228 παρεσκεύασε
379 2159 425 2215 τδς
441 2164 491 2213 τῶν
506 2156 640 2228 Ἑλλήνων
655 2162 774 2229 γυναῖκας
791 2160 966 2231 μοιχευθῆναι,
979 2155 1033 2213 οῖον
1045 2157 1276 2227 Κλυταιμνήστραν
1291 2159 1338 2226 τήν

186 2232 233 2282 τοῦ
244 2227 433 2316 Ἀγαμέμνονος
444 2229 569 2302 Αἰγίσθῳ,
579 2230 727 2322 Αἰγιάλειαν
738 2231 785 2300 τήν
792 2229 935 2299 Διομήδους
944 2231 980 2303 τῷ
990 2231 1036 2303 υίῷ
1045 2233 1092 2285 τοῦ
1101 2229 1235 2295 Σθενέλου,
1246 2227 1338 2297 Μήδαν

187 2298 215 2352 δέ
224 2299 271 2366 τήν
288 2299 425 2368 Ἰδομενέως
437 2299 487 2355 {ml
497 2299 602 2367 Λεύκου,
612 2322 642 2369 ην
653 2303 693 2354 καὶ
706 2302 791 2356 ἀνεῖλε
800 2306 903 2364 Λεῦκος,
914 2303 955 2356 καὶ
967 2298 1140 2368 Κλεισιθήραν
1151 2299 1197 2368 τήν
1208 2299 1337 2369 θυγατέρα

186 2369 263 2438 αὐτῆς
277 2371 305 2424 ε’ν
320 2370 356 2442 τῷ
375 2372 426 2442 ναῷ
444 2370 645 2442 καταφυγούσας
663 2371 708 2425 καῖ’
723 2378 773 2427 τῶν
788 2375 887 2427 λοιπῶν
906 2373 1007 2441 ὁμοίως.
1043 2372 1093 2425 Καὶ
1109 2369 1169 2424 δέκα
1184 2372 1274 2426 ποἸεις
1291 2373 1336 2438 τῆς

187 2440 287 2522 Κρήτης
299 2441 455 2497 ἀποσπάσας
469 2441 623 2512 έτυράννησε
637 2443 679 2495 καὶ
691 2443 756 2511 μετὰ
773 2444 818 2497 τὸν
834 2444 946 2513 Τρωικὸν
960 2443 1075 2509 πολεμδν
1092 2442 1131 2493 καὶ
1147 2442 1192 2495 τὸν
1205 2441 1334 2508 Ἰδομενέα

187 2532 218 2578 τη
231 2509 318 2582 Κρήτη
331 2511 482 2582 καταίροντα
494 2511 615 2580 ἐξήλασε,
649 2513 730 2568 Idem
743 2515 856 2568 Tzetzes
869 2514 906 2568 ad
922 2528 988 2582 1093
1002 2513 1102 2567 eadem
1115 2512 1173 2566 lere
1186 2511 1283 2566 dicens
1297 2512 1333 2566 de

188 2582 414 2651 Clytaemnestra
426 2593 453 2638 et
466 2582 583 2652 Aegiale
596 2584 667 2638 haec
682 2583 826 2653 subiungit
838 2584 878 2637 καὶ
896 2584 924 2637 ἐν
936 2583 1023 2652 Κρήτη
1036 2586 1132 2635 Λεῦκον
1143 2583 1188 2636 τὸν
1199 2586 1245 2636 τοῦ
1257 2583 1334 2636 Τάλω

187 2651 290 2706 ἔπεισεν
305 2652 410 2721 ἀντᾶραι
428 2654 469 2707 καὶ
487 2653 585 2707 ἀνελεῖν
602 2654 648 2722 τήν
659 2653 805 2722 Ἰδομενέως
819 2657 926 2736 γυναῖκα
944 2654 1035 2722 Μήδαν
1053 2653 1093 2706 καί
1111 2653 1142 2706 τὰ
1159 2650 1232 2705 τέκνα
1248 2651 1333 2719 αὐτῆς.

186 2722 272 2847 {ilaelc
288 2739 476 2847 nonlpnrorsus
494 2723 567 2779 inter
585 2741 615 2779 se
634 2725 785 2781 conuenire
804 2725 953 2781 uidentur:
976 2725 1027 2780 sed
1041 2732 1137 2778 tamen
1153 2722 1236 2777 huius
1255 2721 1333 2777 modi

198 2810 216 2847 a
236 2811 254 2846 ll
265 2810 312 2846 am
324 2811 340 2849 Ε
351 2811 428 2848 lelaS.
1240 2816 1245 2825 ’

225 2866 342 2932 Leucus,
357 2866 435 2933 Cres,
448 2863 520 2920 filius
534 2864 606 2934 Tali,
623 2882 693 2935 puer
711 2865 806 2920 adhue
823 2864 966 2936 expositus
983 2865 1019 2919 ab
1035 2864 1189 2918 Idomeneo
1206 2872 1334 2918 seruatur

187 2942 216 2988 et
229 2934 371 2988 educatur.
403 2935 478 2990 Huic
493 2936 663 2990 Idomeneus
676 2937 705 2990 in
717 2936 833 2991 Troiam
845 2935 1026 3006 proficiscens
1039 2934 1117 3004 regni
1130 2951 1227 2988 curam
1239 2933 1333 2989 tradit.

85 3033 89 3044 =
189 3005 307 3087 Leucus,
326 3005 441 3075 Nauplii
460 3006 532 3060 dolis
551 3006 719 3088 obsequens
736 3007 853 3061 Medam
874 3005 1020 3061 Idomenei
1039 3022 1154 3059 uxorem
1172 3003 1334 3073 corrumpit,

188 3072 337 3145 impenum
358 3086 492 3146 occupat:
518 3093 583 3131 mox
605 3095 736 3132 incensus
756 3076 798 3131 ira
818 3077 935 3132 Medam
956 3087 983 3132 et
1005 3075 1091 3130 filiam
1112 3074 1216 3129 Medae
1236 3073 1334 3129 Cleisi·

188 3147 306 3215 theram,
320 3163 405 3217 quam
421 3147 447 3201 ei
466 3147 637 3202 Idomeneus
653 3147 843 3217 desponderat
862 3148 885 3202 si
903 3166 921 3202 a
933 3146 1019 3202 Troia
1031 3145 1169 3214 rediisset,
1182 3145 1285 3200 occidit
1305 3145 1334 3199 in

188 3217 295 3286 templo
316 3234 372 3287 quo
394 3217 586 3287 confugerant,
610 3217 693 3272 simul
717 3217 856 3288 Iphiclum
880 3235 914 3272 ac
937 3220 1069 3286 Leucum,
1092 3216 1198 3270 Medae
1221 3216 1332 3271 liberos.

189 3288 259 3343 Mox
272 3288 371 3342 decem
383 3288 467 3342 urbes
481 3290 582 3342 Cretae
594 3287 675 3357 rapit,
690 3290 875 3343 idomeneum
888 3289 1004 3343 domum
1017 3288 1181 3342 redeuntem
1194 3286 1290 3356 abigit.

224 3357 328 3427 Tetigit
341 3359 412 3413 haec
425 3359 526 3413 eadem
539 3359 693 3413 scholiasta
703 3361 733 3413 ll.
744 3359 770 3414 ii.
779 3359 832 3428 649
844 3359 892 3414 ubi
902 3358 1004 3413 Λεύκων
1016 3360 1122 3412 ὁΤάλαι
1134 3357 1244 3426 dicitur,
1258 3356 1335 3428 quod

187 3444 239 3498 per
257 3444 380 3483 errorem
398 3428 534 3499 scriptum
552 3438 632 3499 putat
649 3429 814 3484 Dindorfius
832 3447 884 3499 pro
902 3433 917 3483 ὁ
934 3432 1019 3497 Τάλω,
1037 3428 1113 3499 quod
1131 3428 1217 3482 habet
1238 3428 1334 3482 Schol.

189 3498 370 3566 deix.174.
387 3499 583 3570 Eustathiusp.
593 3500 660 3554 1860
669 3500 807 3554 Leuconis
815 3518 880 3554 cum
890 3500 978 3555 Meda
986 3508 1113 3569 stuprum
1121 3515 1185 3552 cum
1193 3499 1335 3566 Clytaem-

187 3579 300 3625 nestrae
309 3580 337 3624 et
345 3569 477 3638 Aegiales
485 3569 629 3639 coniungit
637 3571 789 3626 adulteriis.
823 3573 904 3626 Haec
914 3580 1031 3640 utraque
1041 3569 1070 3623 in
1082 3568 1163 3623 Ibide
1172 3578 1335 3636 narrantum

188 3640 264 3694 unde
275 3640 379 3695 Medae
392 3656 503 3710 quoque
516 3641 652 3710 flagitium
666 3641 880 3696 commemorari
893 3641 990 3711 potuit.
1019 3643 1058 3695 At
1073 3639 1161 3693 Meda
1172 3655 1190 3692 a
1204 3640 1335 3693 Leucone

209 3710 305 3765 eriisse
323 3709 426 3765 dicitur
442 3728 459 3765 a
473 3713 666 3781 Lycophrona
683 3729 740 3766 non
755 3713 868 3766 Leucon
881 3729 899 3765 a
913 3711 1009 3766 Meda.
1036 3713 1094 3764 Aut
1111 3709 1192 3765 aliter
1209 3709 1335 3763 fabulam

188 3727 295 3850 iegerat
309 3780 437 3850 Ouidius,
451 3791 499 3836 aut
512 3792 643 3851 corrupta
656 3791 720 3836 sunt
733 3799 806 3854 quae
818 3783 924 3837 habent
938 3781 1058 3837 codices.
1098 3783 1175 3836 Nam
1187 3780 1211 3835 si
1225 3779 1326 3850 legeris

437 3853 517 3921 Quae
535 3852 637 3907 cecidit
657 3854 751 3907 Leuco
769 3853 889 3921 uindice,
908 3852 985 3907 dicta
1002 3852 1077 3921 piast

189 3920 301 3978 finxeris
320 3930 415 3976 autem
433 3922 551 3976 Medam
565 3925 684 3994 potaris
701 3940 805 3978 nomen
825 3924 878 3978 sibi
896 3939 1043 3992 arrogasse
1062 3921 1139 3992 quod
1158 3939 1222 3976 cum
1242 3923 1336 3976 Leuco

170 3994 285 4048 ’mallet
303 3992 454 4047 adulterari
474 4010 559 4062 quam
579 3993 607 4047 in
628 3993 774 4048 Idomenei
793 3994 884 4049 redire
902 3992 1122 4061 matrimonium,
1141 4003 1292 4063 postquam
1311 3992 1336 4047 is

189 4064 277 4118 filium
298 4064 344 4118 uel
367 4062 453 4117 filiam
473 4063 551 4132 (nam
575 4072 724 4134 utrumque
745 4065 879 4119 traditum
903 4074 954 4133 est,
975 4064 1053 4118 Seru.
1073 4064 1110 4117 ad
1129 4067 1199 4118 Aen.
1219 4063 1254 4117 xi.
1275 4063 1336 4130 264,

190 4135 333 4204 Mythogr.
341 4135 406 4188 Vat.
417 4132 434 4188 i.
446 4145 503 4203 195,
512 4132 538 4188 ii.
548 4135 612 4198 210)
622 4144 670 4189 aut
683 4135 857 4189 immolasset
870 4145 919 4190 aut
932 4152 962 4189 se
975 4133 1185 4188 immolaturum
1195 4133 1336 4199 uouisset;

189 4215 309 4263 mortem
334 4203 456 4273 denique
480 4205 517 4259 de
541 4221 598 4274 qua
622 4205 689 4259 dicit
713 4207 880 4275 Lycophron
904 4205 1045 4275 posthoc
1069 4204 1213 4273 cognitum
1237 4211 1336 4256 uotum

189 4275 294 4329 factam
313 4273 474 4344 sumpseris,
488 4275 556 4329 satis
575 4275 724 4329 commode
742 4293 787 4330 res
807 4293 837 4330 se
856 4275 993 4345 expediet.
1032 4273 1109 4328 Dicit
1126 4273 1202 4328 enim
1216 4271 1336 4326 Ouidius

189 4345 325 4399 ‘Habeas
337 4344 486 4414 coniugem
499 4362 572 4415 quae
584 4355 612 4400 et
629 4346 757 4400 adultera
769 4345 805 4400 sit
822 4356 849 4400 et
866 4345 979 4416 pietatis
992 4344 1105 4398 laudem
1118 4352 1258 4397 mereatur
1270 4340 1293 4394 si
1307 4351 1336 4395 te

189 4415 342 4485 necauerit,
361 4415 601 4486 quemadmodum
625 4416 771 4470 Idomenei
791 4433 861 4471 uxor
880 4416 967 4470 Meda
989 4425 1017 4469 et
1042 4414 1169 4468 adultera
1192 4411 1221 4465 in
1242 4413 1336 4492 Leuco

189 4486 241 4543 fuit
254 4496 282 4542 et
294 4485 343 4558 pia
355 4486 431 4542 dicta
443 4496 485 4542 est
499 4487 575 4557 quod
587 4486 718 4543 maritum
731 4487 834 4543 liberos
848 4503 913 4541 suos
927 4485 1120 4541 Immolantem
1133 4499 1190 4537 non
1203 4482 1312 4536 tulerit!
