3038 5010
640 407 686 469 IN
717 407 815 469 IBIN.
1265 407 1303 463 9³

152 568 284 628 hostibus
305 568 413 627 suiset
435 567 466 625 in
489 566 641 642 puluerem
661 584 705 625 re*
746 565 855 641 gladio,
865 571 1036 640 persecutus
1050 570 1094 623 est
1109 561 1194 622 illam.
1226 580 1303 639 quae
1329 566 1330 571 ’

152 653 263 722 dactus,
279 660 307 710 et
324 668 376 726 per
390 647 505 708 diuersa
518 649 583 707 loca
597 645 705 723 disper·
746 647 863 721 fugiens
875 647 906 703 in
916 645 1068 705 Orientem
1082 654 1193 703 mutata
1204 642 1257 702 fuit
1272 644 1303 701 in

152 751 213 792 sus.
258 731 295 791 G:
747 730 880 786 arborem
889 729 934 786 sui
943 727 1076 786 nominis.
1093 724 1219 785 Ouidius
1230 720 1302 805 [X]

194 813 301 878 †Leius
325 830 375 872 rex
404 809 501 871 tardus
525 808 704 886 cognomine
746 810 870 870 Cinaras
899 816 1175 886 quoque‚·pr0pter
1206 807 1303 866 scelus

151 896 247 954 dictus
262 911 298 953 eo
319 894 399 971 quod
417 892 499 952 tarde
517 892 704 951 construebat
746 891 828 968 quod
842 890 958 963 fecerat,
973 908 991 948 a
1005 889 1117 949 ciuibus
1133 888 1192 948 suis
1207 905 1301 946 mem·

153 987 245 1035 turres
260 974 377 1034 Murrae
396 973 444 1034 uel
460 973 562 1032 Mutae
582 973 704 1032 ciuitatis
745 973 849 1031 bratim
869 971 1040 1031 dilaceratus
1069 979 1121 1030 est.
1164 969 1300 1029 Tardae

153 1058 191 1116 ab
211 1057 342 1116 hostibus
368 1056 426 1114 suis
450 1065 552 1130 captus
573 1063 602 1112 et
623 1071 703 1112 com·
744 1055 813 1130 quia
834 1072 899 1112 eam
919 1054 1059 1130 cognouit
1076 1069 1137 1111 non
1156 1052 1213 1110 nisi
1232 1062 1300 1128 post

151 1140 256 1198 bustus
281 1157 332 1214 per
357 1138 471 1196 diuersa
496 1136 561 1194 loca
586 1153 703 1210 sparsus
746 1136 943 1193 concubitum.
988 1133 1023 1193 C.

153 1230 205 1280 est.
221 1219 267 1278 uel
276 1220 395 1277 aliterut
404 1216 701 1294 legatur,Cognitor
783 1214 915 1288 Blaesus,
939 1217 1073 1275 conditor
1095 1214 1232 1292 †Myrrae
1258 1215 1299 1275 ci-

153 1311 184 1360 et
198 1312 266 1360 tunc
280 1299 454 1376 intelligatur
468 1299 505 1358 de
520 1297 626 1356 Cinara
643 1298 700 1374 qui,
742 1298 838 1356 uitatis
858 1298 889 1354 in
904 1297 1040 1367 Arabia†,
1055 1296 1153 1355 tardus
1175 1297 1205 1354 in
1226 1315 1296 1354 con·

153 1384 272 1458 cognito
325 1382 451 1439 crimine
494 1381 587 1439 coitus
634 1397 703 1438 cum
744 1379 887 1438 struendis
912 1380 1075 1450 moenibus¹
1096 1379 1134 1436 ab
1162 1377 1294 1437 hostibus

154 1462 245 1522 Mirra
272 1463 329 1522 filia
357 1471 531 1539 perpetrato,
553 1479 646 1536 uagus
675 1469 704 1518 et
745 1471 847 1536 captus
862 1471 914 1528 est,
929 1471 958 1519 et
972 1463 1034 1520 eius
1048 1461 1180 1518 membra
1197 1477 1298 1535 sparsa

140 1545 302 1622 profugus·
342 1545 469 1604 ostiatim
514 1542 702 1600 mendicauit.
745 1560 797 1618 per
825 1542 941 1601 diuersa
965 1542 1037 1601 loca.
1080 1542 1118 1600 de
1141 1541 1198 1600 hoc
1226 1541 1297 1599 nihil

153 1625 251 1685 Mure,
684 1639 687 1643 ’
746 1623 824 1683 aliud
839 1624 968 1682 inuenio.
1012 1619 1221 1704 [Reg.1801].

195 1723 263 1781 541.
305 1706 416 1784 Inque
460 1705 527 1764 tuis
570 1703 702 1780 opifex.
784 1704 921 1764 Achaeus
955 1705 1009 1764 fuit
1043 1704 1163 1782 quidam
1205 1715 1294 1763 uates

153 1788 290 1848 Achaeus
311 1790 435 1865 quidam.
448 1796 537 1864 poeta
555 1788 585 1844 in
602 1797 703 1845 monte
744 1805 830 1862 super
844 1787 925 1845 cuius
941 1787 1044 1846 oculos
1065 1804 1189 1844 examen
1207 1804 1296 1862 apum

153 1870 279 1943 studuit;
299 1889 386 1946 super
401 1870 482 1928 cuius
496 1868 599 1927 oeulos
612 1885 703 1944 apum
743 1868 883 1938 ascendit,
896 1877 924 1926 et
938 1869 979 1928 sic
994 1886 1097 1926 earum
1112 1868 1232 1944 spiculis
1248 1886 1296 1927 ac-

153 1970 279 2010 examen
313 1949 485 2022 descendit;
520 1951 570 2026 qui
605 1967 704 2008 earum
745 1949 837 2026 ceptis
850 1950 960 2008 lumina
973 1949 1104 2027 perdidit.
1150 1947 1295 2010 CetAsk.

154 2033 261 2091 aculeis
275 2033 404 2109 acceptis
418 2032 513 2090 amisit
526 2032 634 2090 lumen,
666 2029 703 2090 G.
1292 2080 1295 2085 .

197 2129 264 2188 543.
306 2114 411 2172 Fixus
449 2123 485 2171 et
525 2115 560 2171 in
602 2111 703 2171 duris.
786 2111 987 2172 Prometheum
1033 2112 1176 2189 significat
1219 2113 1300 2173 euius

154 2195 339 2270 Epimetheus
366 2204 395 2253 et
423 2194 614 2253 Prometheus
642 2193 703 2252 fue·
745 2194 824 2254 iecur
857 2195 985 2254 uultures
1020 2196 1187 2255 corrodunt.
1229 2214 1299 2255 nam

154 2288 221 2335 runt
239 2276 349 2336 fratres.
392 2276 472 2334 Pirra
488 2294 559 2335 uero
576 2274 630 2334 fuit
646 2274 704 2334 filia
745 2275 864 2352 Iapetus
898 2277 999 2352 genuit
1027 2276 1235 2338 Prometheum
1269 2288 1300 2337 et

155 2357 313 2434 Epimethi:
342 2358 424 2417 cuius
438 2357 523 2416 frater
539 2375 569 2416 s.
585 2356 704 2416 Prome·
745 2357 953 2434 Epimetheum,
973 2359 1158 2435 Epimetheus
1179 2361 1298 2431 Pirram,

153 2439 238 2498 theus
253 2459 271 2498 a
284 2440 357 2498 ioue
371 2439 539 2498 fulminatus
553 2448 605 2498 est.
650 2437 686 2497 G.
744 2449 777 2498 ut
791 2441 818 2499 d.
835 2438 958 2500 Ouidius
972 2441 1002 2499 in
1017 2442 1054 2499 I0.
1070 2437 1131 2523 [Sa
1148 2439 1230 2524 390]⁸
1265 2442 1300 2502 C.

196 2536 264 2595 545.
286 2520 331 2578 Vt
345 2539 429 2596 puer
443 2520 551 2596 Harp.
593 2520 706 2596 bArpa-
781 2522 970 2597 †ArpacideS,
979 2523 1027 2582 uel
1038 2524 1200 2583 secundum
1208 2543 1297 2601 quos-

156 2602 217 2678 sige
241 2603 332 2660 filium
360 2602 488 2661 comedit
515 2602 705 2678 quemadmo·
747 2604 816 2663 dam
833 2605 1024 2680 †Arapagies,
1043 2605 1095 2664 fuit
1114 2618 1262 2666 comestus
1281 2625 1300 2665 a

155 2684 226 2741 dum
248 2682 383 2743 Thiestes
404 2701 498 2753 suum,
517 2684 658 2743 offerente
679 2685 706 2742 ei
748 2696 829 2761 patre
848 2703 911 2756 suu,
927 2687 1001 2744 sicut
1014 2685 1151 2747 Thiestes
1165 2689 1299 2764 proprios

154 2763 245 2825 Atreo
260 2783 314 2824 suo
327 2763 423 2824 fratre.
466 2763 503 2824 G.
747 2766 823 2825 filios
858 2785 876 2825 a
910 2767 996 2826 fratre
1023 2768 1114 2829 Atreo
1146 2770 1299 2847 appositos

748 2847 882 2909 comedit.
924 2846 1023 2908 Mure.

197 2939 264 3001 547.
286 2926 424 2987 Trunca
457 2946 556 3004 geras
591 2946 704 2988 saeuo.
787 2929 977 2988 Mimnermus
992 2931 1094 3007 gladiis
1110 2932 1241 2992 hostium
1255 2944 1300 2994 to·

155 3007 347 3068 hlammertus
377 3008 425 3068 uel
455 3019 484 3068 ta
515 3010 553 3068 ab
585 3011 705 3069 ensibus
745 3020 792 3070 tus
806 3012 1013 3073 dimembratus
1028 3024 1071 3072 est
1086 3024 1115 3073 et
1129 3015 1299 3093 discerptus

155 3089 296 3149 frustatim
317 3090 488 3151 dilaceratus
516 3090 577 3162 fuit,
600 3109 704 3151 secun·
744 3091 843 3153 Mure.

153 3222 233 3274 medio
244 3240 309 3275 saec.
323 3223 379 3274 XV
386 3225 620 3290 correctumfuisse
633 3220 662 3278 id
676 3225 740 3293 quod
754 3226 840 3295 optimi
852 3225 942 3279 codices
954 3225 1069 3281 exhibent
1080 3226 1176 3282 laesus.
1213 3230 1298 3300 Neque

154 3301 239 3345 tamen
260 3303 320 3345 ante
337 3294 497 3362 Leopardum
516 3291 703 3363 (1510-1567)
724 3297 863 3350 emendatio
882 3316 901 3350 a
922 3316 1051 3366 quoquam
1061 3300 1176 3366 perfecta
1192 3314 1257 3367 erat,
1276 3322 1300 3355 st

154 3364 251 3430 quidem
269 3365 309 3416 hic
327 3364 427 3417 demum
440 3365 530 3432 Cyrae
548 3367 650 3418 inuenit.
699 3366 745 3420 Vbi
762 3368 831 3420 mire
849 3379 900 3436 pro
921 3368 978 3420 cire
995 3369 1078 3422 eodem
1095 3389 1181 3424 errore
1199 3373 1299 3426 uidetur

154 3437 277 3502 scriptum
295 3455 341 3503 quo
354 3434 474 3488 Melacte
488 3447 537 3504 pro
552 3435 663 3491 Calacte
681 3449 723 3506 ap.
737 3438 783 3492 Sil.
799 3439 873 3491 XIV.
892 3455 951 3502 ²52·
986 3439 1059 3493 Nam
1077 3459 1140 3508 quae
1156 3442 1186 3494 de
1202 3443 1299 3497 Murra

152 3507 257 3558 ciuitate
268 3506 360 3559 habent
370 3506 445 3558 Mure
456 3516 480 3560 et
491 3507 555 3575 rog.
571 3511 635 3558 1801
651 3527 713 3562 uera
726 3510 771 3561 uix
777 3519 883 3577 possunt
894 3528 953 3563 esse.

191 3591 251 3640 541.
270 3576 361 3630 eiusG
430 3576 594 3631 oculisAsk.
657 3578 836 3646 easpiculaG
897 3580 1016 3648 receptis
1028 3581 1094 3634 Ask.
1155 3583 1230 3638 Mure
1242 3604 1263 3638 s.
1274 3604 1300 3639 u.

54 3647 64 3657 ‘
155 3644 263 3697 Acheus
280 3646 390 3714 quidam
409 3645 475 3699 alius
494 3647 521 3698 in
538 3653 633 3700 monte
650 3651 789 3718 poeticum
805 3665 937 3704 exercens
954 3651 1074 3720 studium
1090 3652 1198 3720 spiculis
1217 3670 1298 3724 apum

154 3716 256 3769 occulis
268 3717 322 3769 suis
334 3716 421 3770 infixis
433 3723 544 3771 cecatus
556 3723 607 3772 est.

192 3803 250 3852 543.
271 3787 450 3854 EpimetusG
528 3789 677 3856 epimatiG
750 3789 883 3857 significat
896 3792 1130 3847 iecureiuscuius
1141 3796 1300 3854 uulturesG

154 3858 346 3925 promotheum
359 3858 430 3913 Cbis
501 3860 650 3926 epimctum
663 3861 797 3927 epimetus
808 3863 909 3929 pirram
921 3863 950 3916 G.

192 3945 251 3993 545.
289 3930 523 3997 inepteGetAsk.
559 3930 676 3998 Arpiage
694 3929 747 3983 fuit
763 3931 830 3985 filius
849 3933 971 3985 Thiestis
988 3949 1070 4001 quem
1088 3935 1113 3988 ei
1132 3934 1218 3990 frater
1235 3955 1299 3993 suus

154 4004 245 4051 atreus
257 3999 334 4051 dedit
345 3999 380 4051 ad
396 4000 597 4053 comedendum
613 4006 645 4053 ut
666 3999 757 4070 [supra
774 4004 879 4071 Atque
896 4003 1025 4072 aliquid,
1038 4005 1086 4058 sed
1102 4006 1156 4060 illic
1173 4009 1207 4061 de
1220 4026 1297 4069 coma

155 4067 252 4137 missis]
267 4071 308 4122 ubi
319 4089 384 4137 quae
395 4072 465 4125 uncis
476 4073 575 4125 inclusa
586 4084 645 4126 sunt
657 4092 688 4125 ex
695 4074 761 4126 Ask'.
773 4076 893 4143 suppleui.
929 4075 1050 4128 eomedit
1064 4077 1087 4129 G
1166 4078 1261 4133 tiestes
1275 4083 1299 4135 G

154 4140 292 4209 Manifeste
303 4142 381 4193 Mure
391 4141 421 4194 de
431 4141 613 4212 Harpagifilio
625 4145 819 4213 interpretatur..

191 4226 264 4312 547.u
271 4210 413 4279 Mynerius
424 4217 454 4264 et
465 4211 618 4266 Minerinus
627 4215 704 4269 Mure
759 4217 830 4268 Ficta
842 4217 959 4271 uidentur
970 4235 1034 4284 quae
1044 4217 1160 4272 exhibent
1169 4220 1192 4272 C
1197 4232 1221 4274 et
1232 4223 1299 4281 Ast.

155 4317 280 4371 Minerus
306 4317 460 4388 (Micernus
478 4318 556 4388 Ask.)
602 4328 697 4388 captus
721 4338 737 4375 a
761 4322 881 4391 quodam
905 4323 984 4376 hoste
1009 4339 1068 4388 suo,
1093 4325 1232 4379 mutilatus
1256 4335 1298 4381 est

154 4388 279 4441 omnibus
289 4389 419 4442 membris
428 4391 490 4457 suis,
498 4392 562 4459 quia
571 4391 748 4446 interfecerat
757 4394 895 4462 quendam
904 4393 1017 4446 fratrem
1027 4394 1113 4448 hostis
1121 4396 1162 4448 sui
1172 4396 1297 4465 (fratrem

154 4474 233 4511 suurn
251 4459 330 4526 Ask.)
367 4459 402 4512 ad
419 4461 546 4514 ultimum
565 4460 609 4532 (et
627 4464 661 4516 ad
679 4463 807 4517 ultimum
823 4463 901 4533 Ask.)
936 4464 988 4517 sibi
1005 4465 1078 4519 oculi
1095 4465 1208 4520 fuerunt
1225 4469 1297 4522 eruti

156 4529 239 4599 (oculi
250 4530 367 4586 fuerunt
376 4531 428 4584 sibi
440 4532 511 4587 eruti
524 4530 606 4603 Ast.)
