3038 5010
644 388 868 452 EXCVRSVS.
1272 403 1328 456 179

180 548 214 603 iis
227 549 303 619 quod
315 557 381 603 ante
394 546 623 614 commemoraui,
636 547 664 600 h.
673 563 698 600 e.
712 543 745 600 δι’
756 543 861 614 αἵματος
872 548 1034 615 παραλαθεῖν
1045 547 1091 616 τὴν
1102 549 1216 619 χώραν.ᾗ
1245 550 1329 604 Hanc

180 621 399 688 Astymedusam
422 618 482 672 siue
505 617 657 672 Medusam
680 615 788 684 (Schol.
811 617 918 672 Phoen.
941 628 981 686 55,
1003 619 1135 687 Apollod.
1158 619 1186 674 ii.
1208 635 1233 686 4.
1256 619 1282 690 5)
1305 619 1329 674 si

180 690 300 759 scriptor
315 689 413 758 Ibidis,
430 687 527 743 nescio
541 704 627 758 quem
645 697 767 754 secutuS,
784 688 940 756 patruelem
959 689 1075 744 finxerat
1094 688 1155 744 eius
1172 690 1216 745 cui
1234 690 1330 760 nupsit

181 760 347 830 Oedipodis,
366 759 506 814 artissime
525 758 716 813 cohaerebunt
735 763 803 811 uota
820 759 939 812 αἰιιὶιινα
957 759 1062 815 Thesei
1084 759 1113 814 in
1134 760 1330 831 Hippolytum,

181 830 338 900 Oedipodis
351 830 380 884 in
396 829 468 884 filios
482 845 566 883 suos:
587 837 702 882 namet
721 826 750 880 hi
769 837 797 882 et
816 827 862 882 ille
881 846 1033 884 nouercam
1052 830 1219 886 sollicitasse
1235 832 1331 886 crede·

179 901 290 956 bantur.
329 903 421 970 Atque
434 898 608 954 Pitthiden
625 915 724 953 uerum
739 915 802 952 esse
820 899 910 968 magis
928 899 1054 955 adducor
1070 911 1101 956 ut
1118 903 1240 972 credam,
1254 903 1332 972 quod

182 971 351 1026 Merkelium
364 971 448 1025 uideo
460 969 502 1024 sic
514 968 670 1024 coniecisse

392 1043 430 1096 Et
448 1057 522 1111 quae
541 1038 680 1094 Pitthides
698 1037 773 1107 fecit,
792 1038 952 1110 pariterque
972 1040 1107 1098 Molinae.

181 1111 224 1167 Cf.
238 1114 321 1166 Paus.
334 1131 360 1166 v.
373 1125 427 1167 2.2
447 1112 481 1166 ὣς
497 1110 526 1163 δὲ
543 1109 687 1179 ἡμάρτανον
703 1109 745 1162 καὶ
760 1107 861 1177 τούτου,
875 1110 990 1178 Μολίνην
1007 1111 1099 1166 θέσθαι
1118 1112 1203 1182 φασὶν
1217 1113 1259 1168 ε’πὶ
1277 1116 1332 1168 τοῖς

179 1183 298 1237 πολίταις
313 1183 431 1250 κατάραι,
449 1180 479 1248 ἣν
493 1179 615 1247 Ἰσθμίων
632 1179 666 1248 μὴ
685 1179 783 1233 θελῶσι
801 1177 951 1250 ε’ίργεσθαιτ
977 1181 1005 1234 in
1024 1183 1135 1236 Isthmo
1150 1182 1226 1237 enim
1244 1183 1331 1238 etiam

182 1251 369 1322 Hippolytum
382 1251 517 1306 afflictum
529 1249 625 1305 fuisse.
653 1250 737 1319 Quod
750 1267 922 1320 quamquam
935 1250 1081 1320 ingeniose
1094 1262 1124 1306 ut
1137 1254 1208 1308 solet
1221 1254 1331 1323 excogi-

180 1323 259 1392 tauit,
275 1321 421 1377 obscurior
439 1321 487 1376 illa
506 1321 633 1376 Molinae
648 1319 762 1376 deuotio
778 1336 865 1390 quam
884 1337 1038 1391 quaecum
1056 1321 1205 1392 Hippolyti
1224 1340 1332 1379 conexa

180 1393 236 1448 sit:
260 1402 321 1448 tum
339 1392 385 1447 uix
405 1391 578 1448 Ouidianum
597 1401 657 1445 erat
677 1400 741 1460 post
760 1407 832 1460 quae
849 1390 991 1446 Pitthides
1001 1393 1076 1462 fe‘cit
1096 1410 1171 1447 noua
1192 1402 1332 1450 structura

180 1464 286 1519 addere
299 1465 466 1534 patererque
481 1461 612 1516 Molinae
629 1459 729 1531 (uota).
767 1463 869 1532 Neque
887 1460 949 1532 ipse
967 1462 1121 1518 Merkelius
1140 1463 1331 1520 coniecturam

180 1551 262 1589 suam
275 1533 304 1588 in
317 1550 431 1588 carmen
444 1532 567 1588 admisit.

217 1606 350 1660 Ceterum
368 1613 433 1674 post
452 1601 697 1672 interpretationes
713 1601 934 1656 aliorum-nam
952 1602 1023 1657 nihil
1041 1621 1076 1658 ex
1093 1603 1139 1658 his
1155 1622 1262 1659 nouum
1279 1605 1332 1660 fuit

180 1673 235 1729 nisi
248 1675 325 1745 quod
332 1676 485 1745 fraterque
495 1674 632 1728 Medusae
644 1672 680 1728 de
694 1672 805 1742 Oedipo
817 1671 925 1742 primus
937 1673 1136 1744 interpretatus
1149 1675 1332 1731 sum-liceat

180 1744 249 1800 mihi
263 1745 370 1816 aliquid
382 1743 524 1815 peculiare
536 1744 660 1813 proferre
672 1752 700 1797 et
714 1743 750 1798 de
762 1759 835 1797 meu.

217 1818 295 1870 Nam
311 1816 364 1870 sub
377 1815 464 1870 dubio
482 1814 529 1868 illo
544 1813 727 1869 Penthides
744 1812 903 1868 Pentides
920 1823 1030 1883 poterat
1048 1813 1134 1870 etiam
1147 1815 1224 1870 aliud
1236 1817 1331 1872 latere

182 1886 354 1941 Hauthalius
367 1886 396 1941 in
410 1884 531 1940 Scholiis
543 1883 663 1938 Acronis
676 1884 714 1938 ad
728 1885 799 1939 Hor.
812 1881 830 1938 i.
844 1885 885 1939 28.
903 1900 935 1938 10
953 1885 1093 1954 panthoi
1106 1886 1184 1942 uarie
1197 1886 1332 1956 scripturn

180 1956 339 2027 panthois
365 1955 482 2026 panthi
507 1955 651 2024 penthus
673 1953 776 2009 tradit:
805 1970 891 2035 quam
912 1955 1033 2010 eandem
1055 1957 1242 2026 corruptelam
1264 1956 1333 2011 Rib-

180 2027 298 2082 beckius
316 2027 425 2097 Proleg.
444 2043 490 2096 pp.
505 2027 564 2094 384,
580 2036 593 2094 5
611 2025 672 2079 fuse
691 2042 725 2079 ex
737 2023 854 2093 Vergilii
872 2025 1018 2080 codicibus
1037 2025 1192 2082 illustrauit.
1232 2029 1332 2098 Itaque

182 2097 389 2173 Panthoides
406 2115 440 2152 ex
460 2095 645 2151 Penthides
662 2094 751 2150 elicio.
789 2094 874 2164 Quod
890 2095 913 2149 s'
932 2112 999 2151 uere
1015 2097 1105 2166 elicui,
1119 2099 1156 2152 ad
1174 2099 1333 2152 Homerum

181 2167 359 2228 reuoluimur.
397 2168 543 2223 Panthous
560 2166 636 2221 enim
653 2182 725 2220 unus
741 2184 775 2221 ex
791 2164 911 2235 principi
933 2183 965 2221 us
979 2167 1166 2222 Troianorum
1178 2186 1212 2224 ex
1226 2170 1333 2223 Phron-

76 2251 80 2258 ·
181 2238 240 2294 tide
261 2238 333 2293 filios
355 2248 412 2294 tres
430 2236 537 2293 creauit
556 2235 764 2306 Pulydamanta
785 2237 970 2305 Euphorbum
991 2238 1184 2308 Hyperenora
1223 2240 1267 2293 Ex
1288 2238 1333 2293 his

183 2309 304 2364 Panthoi
329 2309 393 2363 liliis
416 2307 538 2362 Romani
560 2317 661 2377 poetae
683 2323 770 2360 unum
793 2308 980 2376 Euphorbum
1002 2308 1180 2364 Panthoiden
1202 2309 1334 2366 uidentur

181 2380 352 2449 nominasse,
362 2379 440 2450 quod
449 2395 554 2433 nomen
564 2377 650 2433 etiam
663 2377 691 2431 in
703 2377 793 2432 iliade
802 2378 889 2432 habet
899 2378 951 2434 xvi.
963 2380 1015 2433 808
1027 2378 1172 2448 Πανθοίδης
1184 2383 1333 2450 Εὔφορβος,

181 2450 216 2504 cf.
234 2450 297 2505 xvii.
312 2452 354 2518 81,
372 2458 400 2504 et
419 2462 454 2516 70
471 2448 624 2502 Πανθοίδου.
663 2450 733 2502 Hor.
748 2449 778 2502 C.
796 2447 812 2502 i.
829 2449 921 2503 21120
937 2449 1092 2520 habentque
1114 2452 1239 2505 Tartara
1256 2452 1333 2504 Pan·

181 2520 301 2575 thozden.
329 2520 413 2575 Ouid.
425 2522 464 2574 M.
476 2538 520 2574 xv.
532 2519 577 2573 161
592 2517 765 2573 Panthoides
772 2519 822 2572 Eu
842 2517 945 2574 horrus
953 2538 1039 2575 eram.
1072 2523 1136 2575 Iam
1147 2532 1177 2576 ut
1188 2522 1333 2576 Panthous

181 2591 257 2646 circa
270 2590 414 2645 Priamum
428 2589 474 2660 (Il.
487 2589 524 2644 iii.
542 2589 602 2658 146)
616 2588 657 2644 sic
671 2588 791 2643 Panthoi
830 2589 883 2643 lius
900 2591 1071 2660 Pulydamas
1086 2591 1162 2646 circa
1178 2594 1334 2647 Hectorem

181 2662 347 2731 plerumque
364 2671 493 2716 uersatur
511 2658 577 2727 (xiii.
593 2672 653 2728 725,
669 2659 729 2728 756,
747 2658 800 2714 xiv.
818 2673 879 2728 440,
896 2675 957 2730 449,
976 2680 1019 2715 xv.
1037 2662 1098 2730 446,
1116 2663 1176 2730 458,
1196 2675 1255 2732 515,
1275 2663 1333 2731 518,

181 2732 257 2787 xviii.
270 2731 345 2802 249).
381 2733 459 2786 Nam
477 2730 576 2800 reliqui
596 2730 644 2783 filii
662 2729 833 2799 Euphorbus
846 2738 874 2784 et
888 2731 1057 2800 Hyperenor
1069 2734 1157 2787 semel
1175 2742 1285 2787 tantum
1305 2733 1333 2786 in

181 2803 273 2857 aciem
291 2802 439 2872 prodeunt,
459 2801 630 2870 Euphorbus
649 2817 706 2870 quo
724 2799 771 2854 die
791 2800 951 2854 Patroclum
973 2801 1030 2855 telo
1048 2801 1177 2857 coniecto
1196 2803 1333 2871 uulnerat,

182 2882 268 2942 atque
287 2873 348 2942 ipse
366 2890 384 2927 a
403 2872 537 2926 Menelao
556 2870 693 2926 occiditur
711 2869 776 2936 (xvi.
795 2871 846 2925 808
861 2887 932 2940 sqq,
951 2870 1014 2926 xvii.
1033 2882 1074 2940 59,
1089 2872 1144 2941 60),
1165 2874 1334 2942 Hyperenor

181 2960 247 2998 cum
260 2961 278 2999 a
291 2943 425 2998 Menelao
439 2941 592 3012 perimitur,
605 2941 682 3011 quod
698 2958 735 2995 ne
752 2941 844 3010 ipsum
862 2941 976 3011 quidem
993 2940 1048 2995 nisi
1061 2959 1079 2996 a
1093 2942 1226 2997 Menelao
1238 2960 1334 2998 narra·

181 3024 242 3068 tum
263 3023 307 3068 est
326 3013 401 3082 (xvii.
421 3012 474 3081 24).
511 3012 570 3067 Sed
589 3011 723 3094 quoniam
743 3010 866 3065 Panthoi
886 3028 951 3066 cum
971 3011 1093 3080 Priam0,
1112 3011 1334 3068 Panthoidarurn

181 3101 247 3138 cum
261 3083 411 3139 Priamidis
427 3081 552 3138 maxima
567 3082 619 3138 furt
635 3081 824 3150 necessitudo,
836 3082 974 3137 habemus
991 3099 1046 3152 quo
1063 3083 1199 3138 referatur
1211 3084 1288 3151 quod
1304 3083 1333 3136 in

184 3155 274 3209 Ibidis
286 3171 370 3209 uersu
385 3162 429 3210 est
446 3152 678 3208 obscurissimum
695 3153 800 3207 frater
818 3152 988 3208 Medusae.
1027 3155 1104 3207 Nam
1122 3153 1245 3208 Medusa
1262 3153 1334 3208 inter

183 3225 254 3279 filias
269 3224 372 3280 Priami
389 3234 552 3279 recensetur
564 3241 581 3278 a
594 3222 689 3277 multis
704 3225 778 3293 Hyg.
793 3224 835 3291 89,
851 3223 981 3293 Apollod.
996 3222 1034 3276 iii.
1051 3238 1089 3278 12.
1106 3234 1128 3292 5,
1145 3226 1227 3278 Paus.
1241 3242 1265 3279 >a
1280 3224 1332 3279 26:

182 3295 268 3366 idque
280 3296 385 3350 fecerat
398 3294 577 3350 Stesichorus
592 3294 687 3363 (Paus.
700 3310 727 3348 u.
738 3293 772 3360 s.)
780 3313 788 3359 ;
809 3309 876 3348 nam
894 3294 970 3363 apud
984 3295 1142 3348 Homerum
1158 3310 1263 3350 nornen
1276 3311 1333 3349 non

183 3365 332 3423 inuenitur.
369 3366 428 3421 Sed
441 3382 495 3434 age
506 3382 605 3419 uersus
618 3362 811 3432 inspiciantur.

394 3438 433 3490 Et
451 3452 525 3506 quae
544 3434 718 3490 Panthoides
735 3433 802 3489 fecit
820 3433 857 3488 de
875 3434 960 3490 fratre
980 3434 1119 3488 Medusae

430 3505 573 3560 Eueniant
592 3503 696 3574 capiti
715 3515 783 3559 uota
801 3503 915 3560 sinistra
933 3516 997 3559 tuo.

220 3579 254 3630 In
275 3577 378 3648 quibus
399 3577 487 3631 uerba
508 3576 562 3630 ista
582 3577 674 3657 capiti
691 3581 740 3629 tuo
761 3592 818 3629 non
840 3585 947 3631 temere
967 3574 1061 3645 posita
1082 3575 1133 3631 sed
1154 3575 1234 3644 quasi
1257 3585 1334 3630 certa

182 3647 380 3717 designatione
392 3647 430 3701 ad
442 3646 535 3716 ipsum
549 3647 692 3716 Sphingos
705 3645 797 3700 cubile
809 3662 861 3699 nos
874 3646 1030 3700 deductura
1043 3645 1171 3700 arbitror.
1208 3648 1286 3700 Nam
1301 3648 1332 3701 Il.

183 3719 246 3772 xvii.
261 3720 294 3787 38
315 3717 487 3843 Ρὲηιλοίἀοε
501 3717 680 3787 Euphorbus,
693 3726 844 3786 postquam
861 3715 887 3771 ei
904 3725 1025 3770 mortem
1043 3717 1191 3772 Menelaus
1209 3717 1333 3773 minatus

182 3799 227 3843 est
249 3791 318 3844 haec
352 3788 400 3843 icit
1279 3818 1281 3823 .

228 3830 236 3858 '
388 3855 427 3911 Ἠ
445 3858 474 3912 κε’
491 3859 557 3928 σφιν
575 3857 687 3912 δειλοῖσι
704 3861 769 3928 γόου
786 3859 936 3926 κατάπαυμα
953 3857 1081 3928 γενοίμην,

395 3925 429 3982 Εί
443 3950 486 3982 κεν
503 3929 554 3999 ἐγὼ
572 3928 688 3998 κεφαλήν
706 3949 734 3981 τε
753 3927 811 3996 τεὴν
828 3929 869 3982 καὶ
887 3927 970 3998 τεύχε’
982 3928 1078 3983 ε’νείκατ

394 3999 490 4069 Πάνθῳ
508 3999 535 4053 ἐν
553 3999 674 4070 χείρεσσι
692 4000 767 4063 βάλω
786 3999 826 4053 καὶ
845 3999 963 4067 Φρόντιδι
981 3998 1031 4066 δίῃ.

221 4072 305 4125 Hanc
324 4069 445 4139 capitis
465 4069 678 4126 deuotionem
701 4070 872 4138 Euphorbus
892 4069 1052 4139 inprecatur
1072 4071 1206 4124 Menelao
1224 4085 1334 4124 mernor

183 4140 230 4196 ille
249 4140 363 4210 quidem
382 4139 474 4194 fratris
491 4140 529 4195 ab
548 4157 583 4195 eo
602 4150 667 4195 ante
686 4139 781 4205 occisi,
801 4140 877 4210 quod
899 4140 975 4194 idem
996 4140 1085 4194 satum
1107 4141 1256 4195 Menelaus
1279 4138 1332 4207 ipsi

183 4211 329 4266 minitatus
341 4221 408 4266 erat.
447 4211 505 4265 Sed
521 4228 578 4264 non
596 4210 631 4265 de
648 4211 703 4264 hoc
717 4210 802 4265 fratre
815 4216 882 4265 uota
895 4210 942 4265 illa
954 4212 1072 4264 sinistra
1084 4210 1160 4278 facit,
1174 4219 1272 4278 utpote
1285 4209 1333 4261 diu

183 4282 241 4336 iam
259 4291 379 4350 mortun,
396 4282 447 4337 sed
466 4282 502 4336 de
521 4299 555 4336 eo
574 4298 658 4351 quem
677 4283 761 4350 paulo
780 4291 846 4336 ante
863 4297 977 4336 caesum
992 4298 1010 4336 a
1024 4280 1140 4336 Graecis
1157 4288 1206 4334 aut
1223 4277 1332 4333 uiderat

181 4447 313 4558 doal’lut.
320 4447 384 4509 Pyrr.
392 4443 475 4505 ἰκ,τῆι
483 4443 600 4508 τραγικῆς
608 4442 667 4506 ἀρᾶς
675 4390 776 4503 {reliq}
789 4439 883 4504 θηκτῷ
893 4440 1003 4505 σιδήρῳ
1016 4440 1094 4501 δῶμα
1106 4437 1265 4499 διαλαχεῖν
1277 4421 1334 4486 τοὺςΙ

214 4528 225 4558 ε
243 4508 310 4574 pods.

723 4588 791 4636 Na
