3038 5010
553 408 880 470 PROLEGOMENA.
1221 417 1292 475 xxxi

143 569 263 628 homine
277 587 328 644 per
342 568 403 627 Isin
419 567 456 626 ad
471 567 593 626 salutem
611 567 753 643 perducto
774 569 916 627 dicuntur.
957 567 1055 627 Etiam
1069 569 1138 629 illud
1153 570 1233 647 quod
1248 581 1292 631 est

143 652 174 709 in
188 650 271 709 Ibide
288 651 345 708 208
360 647 422 707 Ora
436 651 499 707 licet
511 649 621 706 tribuas
634 650 818 724 nultiplicata
833 650 908 708 melei
917 659 946 708 et
957 649 1045 710 Trist.
1059 652 1076 709 i.
1089 666 1116 725 5.
1129 666 1145 724 5
1150 671 1166 726 3
1182 650 1222 710 Si
1231 671 1292 710 uax

144 733 299 810 infragilis,
312 738 403 807 pectus
416 730 491 788 melei
501 731 620 807 firmius
633 738 706 801 esset,
720 729 866 806 Pluraque
886 751 947 788 eune
967 732 1074 807 leugues
1089 733 1221 806 pluribus
1241 753 1292 792 ara

131 815 241 893 forent,
266 813 333 872 Nan
358 819 447 870 tarnen
475 813 577 869 eiiczrca
604 813 790 886 complecterer
816 813 908 870 ornne‘a
935 813 1036 883 uerbis,
1060 812 1190 872 Materia
1217 817 1293 873 utres

144 901 326 969 exsuperante
342 912 424 964 meas,
438 892 517 951 idem
537 893 568 951 in
588 892 745 951 referendis
766 893 900 952 laudibus
921 893 1008 953 Isidis
1028 894 1138 953 inducit
1151 894 1292 971 Apuleius

143 976 180 1032 xi.
198 991 235 1048 25
250 975 311 1034 Nec
331 975 404 1032 milei
421 977 494 1031 uoces
515 975 622 1032 ubertas
644 975 684 1031 ad
700 975 813 1032 de'eenda
833 994 902 1049 quae
922 976 954 1032 de
976 994 1030 1033 sua
1050 979 1189 1034 maiestate
1208 979 1293 1034 sente‘a

142 1057 245 1133 suffieit
262 1075 308 1113 nee
328 1075 378 1114 ara
399 1056 474 1113 melle
493 1055 656 1131 irriguaeque
676 1056 781 1112 tateitern
802 1057 849 1113 uel
871 1058 1004 1134 indefessi
1023 1060 1156 1115 sermonis
1180 1065 1292 1115 aeterna

143 1140 234 1196 rutis.
284 1136 407 1213 Propius
428 1131 445 1194 'a
469 1137 560 1194 uerbo
585 1135 729 1194 accedunt
753 1137 887 1213 quamuis
909 1137 997 1213 paulo
1018 1138 1100 1196 aliter
1121 1139 1235 1197 deflexa
1256 1139 1293 1198 sit

145 1219 245 1290 oratio,
255 1218 303 1276 illa
314 1217 429 1294 Apuleii
441 1219 478 1275 xi.
491 1220 508 1274 6
520 1233 580 1292 quo
591 1217 647 1276 Isis
657 1217 797 1276 cultorem
807 1236 892 1276 suum
903 1218 1058 1295 alloquitur
1068 1217 1131 1278 Nee
1141 1221 1291 1291 iniurium,

143 1301 222 1357 curies
236 1300 359 1376 beneficia
373 1299 491 1356 rede‘eris
505 1299 682 1367 adhumanas,
698 1301 819 1357 citatum
838 1300 930 1357 debere
948 1301 1021 1374 quad
1031 1302 1110 1358 uiues
1123 1301 1151 1359 h.
1162 1320 1188 1360 e.
1203 1318 1293 1360 omne

144 1381 273 1440 futurum
287 1390 402 1456 tempus
417 1381 491 1438 uitae
508 1388 583 1451 tuae,
598 1388 627 1438 et
641 1378 728 1438 Trist.
738 1397 764 1438 ν.
781 1399 807 1452 4.
822 1399 859 1438 ne
873 1380 999 1457 Denique
1011 1382 1085 1455 quad
1095 1383 1182 1454 νίνοί,
1192 1401 1293 1441 nunus

144 1463 243 1521 habere
257 1463 302 1519 dei
312 1460 341 1519 h.
350 1480 375 1520 e.
391 1461 470 1537 quod
484 1461 572 1531 uiuat,
587 1479 641 1520 nec
656 1461 731 1519 mori
745 1471 864 1520 coactus
878 1463 923 1520 sit.

187 1542 246 1602 Sed
260 1543 352 1601 multo
366 1542 460 1617 magis
474 1560 520 1600 res
535 1542 628 1601 elucet
642 1560 679 1600 ex
693 1543 759 1619 ipso
774 1544 902 1602 carmine
916 1542 1017 1602 Ibidis.
1059 1542 1138 1602 Nam
1157 1563 1219 1604 non
1239 1545 1294 1603 ista

146 1626 240 1685 solum
260 1625 379 1703 quaein
394 1623 481 1683 Trist.
497 1634 525 1682 et
539 1622 677 1699 Epistulis
696 1642 732 1682 ex
747 1623 842 1683 Ponto
860 1625 939 1683 attuli
953 1625 1040 1682 etiam
1055 1625 1086 1683 in
1100 1626 1184 1685 Ibide
1198 1644 1293 1685 recur-

145 1719 220 1780 runt,
235 1728 260 1767 e.
269 1727 297 1783 g.
316 1705 362 1782 13'
375 1706 547 1781 Vulneraque
562 1707 671 1763 enme'tis
687 1707 806 1780 requiem
824 1707 984 1780 quaerentia
1003 1712 1098 1778 uexat,
1114 1707 1150 1766 cl.
1165 1708 1208 1765 lb.
1225 1722 1293 1782 247,

150 1793 248 1866 17,18
267 1789 389 1864 Curaque
405 1807 452 1862 ega
472 1807 574 1862 quassa
593 1805 665 1844 meae
682 1788 834 1862 conplectar
854 1788 974 1845 membra
995 1789 1108 1845 care'reae
1128 1787 1297 1868 Naufragii

145 1866 256 1930 tabulas
269 1877 383 1946 pugnat
400 1869 498 1927 habere
518 1870 574 1925 mei
591 1868 643 1926 sed
662 1876 756 1927 totum
776 1868 902 1927 Carmen
924 1868 961 1926 ad
980 1868 1150 1945 Aegyptum
1170 1870 1245 1928 redit
1266 1879 1295 1928 et

145 1954 220 2011 inter
240 1952 421 2028 Aegyptiaca
441 1960 578 2009 uersatur.
623 1948 681 2008 Sed
701 1949 859 2025 repetenda
878 1968 925 2010 res
944 1949 1037 2022 aliiue,
1059 1959 1088 2008 et
1109 1949 1146 2008 ad
1166 1950 1294 2027 origines
1379 2004 1384 2011 .

146 2034 281 2092 uocanda
302 2043 354 2092 est.
410 2079 412 2084 ,

696 2147 746 2220 ΙΙ.

188 2282 349 2358 scripserat
373 2298 491 2339 carmen
513 2279 579 2337 Ibin
602 2277 806 2351 Callimachus,
831 2290 920 2356 poeta
944 2280 1168 2352 Alexandrinus,
1194 2289 1296 2340 contra

146 2365 297 2422 inimicum
312 2381 399 2439 quem
416 2361 519 2420 Suidas
535 2360 707 2436 discipulum
721 2361 784 2419 eius
799 2361 999 2439 Apollonium,
1015 2365 1185 2439 scriptorem
1199 2363 1296 2439 Argo-

147 2447 341 2514 nauticorum,
357 2443 445 2502 fuisse
463 2442 548 2501 tradit
566 2460 588 2500 s.
598 2460 626 2500 u.
641 2441 817 2515 Καλλίμαχος.
845 2449 902 2499 Τῶν
916 2444 944 2498 δὲ
964 2446 1042 2500 αὐτοῦ
1056 2447 1170 2512 βιβλίων
1183 2447 1241 2501 ἐστὶ
1255 2447 1296 2500 καί

147 2533 226 2582 τοῦτο
241 2571 247 2584 .
263 2570 269 2582 .
285 2569 292 2584 .
308 2523 400 2592 ,Ἶβιν
421 2527 479 2581 ἔστι
499 2526 526 2580 δὲ
546 2529 642 2594 ποίημα
663 2524 882 2596 ἐπιτετηδευμένον
896 2526 931 2582 είς
951 2525 1083 2599 ἀσάφειαν
1096 2528 1137 2582 καί
1157 2528 1295 2599 λοιδορίαν,

147 2607 184 2666 ε’ίς
197 2631 253 2663 τινα
261 2605 338 2677 Ἰβιν,
353 2610 488 2680 γενόμενον
501 2607 595 2677 ἐχθρὸν
610 2606 786 2676 Καλλιμάχου·
806 2605 837 2676 ἦν
850 2607 878 2660 δὲ
892 2605 1150 2665 οὗτοςἈπολλώνιος
1163 2611 1177 2663 ό
1190 2610 1297 2681 γράψας

147 2692 180 2744 τὰ
192 2689 383 2762 ’amoverunt
415 2685 512 2745 Huius
527 2685 693 2744 inimicitiae
708 2703 796 2744 causa
810 2704 885 2763 quae
900 2685 984 2746 luerit
997 2688 1140 2761 nescitur;
1163 2706 1180 2746 a
1194 2687 1296 2764 pleris-

148 2787 205 2846 que
227 2769 350 2828 creditur
370 2778 434 2826 orta
454 2786 490 2825 ex
510 2767 620 2825 inuidia
640 2784 715 2842 quae
736 2767 811 2825 inter
829 2767 933 2828 riuales
947 2787 983 2827 ex
998 2769 1175 2828 carminibus
1189 2787 1296 2845 proue-

148 2851 230 2909 nerit.
272 2848 395 2908 Constat
409 2848 601 2924 Apollonium
620 2848 758 2906 eductum
775 2848 806 2906 in
827 2849 917 2908 domo
932 2849 1101 2909 Callimachi
1119 2869 1186 2909 cum
1200 2850 1297 2927 Argo·

148 2932 264 2990 nautica
284 2929 380 2989 adhuc
401 2931 571 2988 adulescens
593 2929 750 3001 recitasset,
772 2930 847 2988 adeo
869 2948 930 2988 non
950 2931 1093 3006 placuisse
1113 2932 1296 2991 audientibus
1369 2928 1371 2932 ’

147 3021 180 3071 ut
201 3030 268 3071 cum
289 3013 394 3070 rubore
409 3007 587 3089 (ἐρυθρίασας)
608 3009 768 3070 discederet
792 3010 863 3090 (Vit.
886 3011 1039 3088 Apollonii
1060 3030 1111 3087 pp.
1135 3026 1203 3087 532,
1227 3032 1244 3085 4
1265 3013 1297 3070 in

150 3093 333 3152 Scholiorum
359 3092 404 3150 ed.
428 3088 583 3169 Keiliana),
608 3109 733 3168 cumque
757 3092 949 3168 ignominiam
973 3091 1052 3168 apud
1076 3094 1155 3152 ciues
1178 3104 1207 3151 et
1230 3093 1296 3151 reli-

149 3191 274 3250 quorum
303 3183 455 3249 poetarum
483 3173 658 3231 calumniam
679 3172 752 3232 ferre
782 3191 843 3231 non
872 3182 982 3250 posset,
1011 3174 1113 3232 relicta
1142 3175 1235 3249 patria
1265 3175 1296 3232 in

149 3254 289 3314 Rhodum
313 3255 375 3313 iret.
417 3253 549 3313 Creditur
572 3253 645 3313 haec
670 3254 755 3329 origo
779 3254 867 3313 fuisse
887 3255 980 3312 litium
1001 3273 1074 3330 quas
1097 3255 1171 3313 inter
1192 3265 1296 3332 poetas

148 3337 277 3396 extitisse
304 3336 450 3405 nouimus,
472 3335 534 3394 siue
557 3336 690 3394 recitarat
711 3335 886 3411 Apollonius
911 3336 1029 3395 nolente
1057 3336 1207 3412 magistro
1234 3337 1297 3396 siue

148 3417 311 3494 praeceptis
339 3418 400 3475 eius
427 3417 525 3475 minus
552 3417 717 3486 obsecutus,
745 3416 783 3475 ad
811 3427 910 3476 uetera
938 3426 967 3476 et
995 3418 1085 3476 uetita
1115 3418 1239 3477 redierat
1267 3427 1297 3475 et

148 3509 302 3574 propterea
329 3497 532 3557 Callimacheis
560 3507 647 3574 atque
678 3497 752 3556 adeo
787 3499 843 3575 ipsi
870 3498 1051 3558 Callimacho
1084 3497 1296 3576 displicuerat*

150 3579 300 3655 Quidquid
313 3579 375 3650 fuit,
391 3588 545 3655 supersunt
559 3597 634 3655 quae
647 3580 740 3638 rixam
754 3589 902 3639 testentur.
944 3579 1030 3640 Haec
1047 3581 1163 3656 collegit
1178 3580 1297 3652 Merke-

149 3661 205 3719 lius
230 3670 348 3737 etpost
373 3679 440 3719 eum
466 3659 660 3720 Schneiderus
681 3670 710 3719 et
731 3659 899 3727 Couatius.†
942 3661 1021 3720 Nam
1044 3661 1242 3722 Callimachus
1266 3662 1298 3720 in

150 3741 274 3818 Hymno
288 3741 434 3818 Apollinis
449 3741 644 3817 Apollonium
655 3742 780 3802 creditur
794 3743 923 3819 tetigisse
936 3743 980 3804 his
994 3744 1101 3803 ultimis
1114 3745 1248 3803 uersibus
1261 3749 1276 3817 t

312 3825 343 3878 ‘O
364 3825 461 3881 Φθόνον
479 3824 646 3882 ’Λπόλλωνος
665 3824 704 3879 ἐπ’
726 3829 798 3879 οίίατι
817 3827 922 3897 λόθριος
942 3822 1020 3897 εἶπεν,

315 3908 368 3960 Οὐκ
388 3906 483 3979 ἄγαμαι
502 3908 547 3960 τὸν
567 3907 653 3962 ἀοιδὸν
673 3904 701 3963 ὃς
721 3903 775 3961 οὐδ’
796 3905 848 3962 ὅσα
867 3909 960 3964 πόντος
980 3907 1063 3965 ἀείδει

184 4031 199 4062 *
215 4012 285 4075 Hanc
299 4028 445 4081 sententiam,
459 4028 522 4073 cuius
535 4036 614 4074 auctor
626 4027 670 4072 fuit
681 4026 811 4074 Gerhardus
823 4027 928 4076 Lection.
940 4028 1144 4088 Apolloniaoarum
1156 4043 1179 4089 p.
1192 4043 1216 4090 4,
1228 4028 1298 4076 etiam

153 4092 291 4140 Ritschelius
302 4093 407 4153 probauit
418 4091 575 4154 chronologie
586 4092 626 4138 der
637 4092 717 4139 Ersten
729 4092 949 4140 Alexandrinischen
960 4093 1124 4141 Bibliotheken
1135 4109 1158 4154 p.
1168 4091 1208 4157 69.

184 4159 203 4215 †
220 4160 254 4204 La
271 4157 369 4218 querelle
385 4157 414 4203 de
431 4156 573 4218 Callimaque
590 4168 614 4204 et
631 4155 792 4218 d'Apollonius,
805 4160 889 4206 extruit
906 4160 935 4206 de
951 4158 1082 4207 l'Annuaire
1096 4160 1123 4207 de
1139 4157 1300 4207 l’Association

48 4264 54 4275 .
152 4237 210 4283 pour
221 4223 430 4286 l'encouragemeot
442 4223 481 4268 des
493 4223 573 4270 drudes
584 4223 698 4283 Grecques
710 4238 738 4270 en
750 4223 843 4272 Fraoce.
878 4225 1042 4287 Annde1877.

185 4289 201 4345 ss
218 4289 268 4335 Hos
285 4303 363 4335 uersus
380 4288 490 4336 Couatius
508 4303 532 4348 p.
545 4301 575 4351 ²9
594 4297 671 4336 censet
688 4290 752 4350 quasi
769 4289 886 4354 epilogum
903 4290 993 4337 additos
1011 4307 1024 4336 a
1041 4288 1191 4345 Callimacho,
1210 4304 1263 4337 curn
1281 4288 1299 4335 is

152 4353 292 4415 hymnorum
303 4361 378 4400 totam
390 4353 470 4400 seriem
482 4354 582 4400 editurus
599 4353 705 4401 ultimam
722 4369 816 4401 manum
833 4356 953 4403 certamini
970 4355 1039 4402 uellet
1056 4357 1181 4415 imponere,
1193 4363 1218 4401 et
1228 4353 1300 4412 Apol·

153 4420 223 4465 linem
234 4420 257 4464 in
269 4419 314 4465 fine
325 4419 431 4466 canninis
447 4427 529 4467 testem
546 4419 630 4466 laceret
645 4419 764 4479 uictoriae,
775 4422 833 4468 sicut
848 4422 878 4468 ab
896 4421 977 4468 eodem
992 4421 1035 4468 deo
1049 4421 1183 4480 Apollonius
1200 4419 1224 4467 in
1239 4419 1299 4479 prin·

153 4485 213 4543 cipio
224 4485 396 4548 Argonauticon
406 4485 530 4545 primordia
541 4487 615 4546 operis
626 4485 733 4533 duxhset.
