3038 5010
571 417 896 478 PROLEGOMENA.
1237 417 1306 475 xxix

154 577 225 636 satis
244 576 296 634 erit
316 574 354 633 ad
370 592 432 633 rem
450 575 474 632 si
489 573 562 632 lulia
579 557 610 632 in
624 574 709 634 Isidis
726 575 798 633 aede
815 585 935 651 operata
955 575 1081 634 abducta
1101 583 1145 632 est
1164 574 1232 633 inde
1251 593 1304 651 per

156 658 317 716 adulterum
331 658 513 731 inspectante
529 655 638 714 Ouidio
658 664 686 713 et
705 664 894 730 agnoscente,
909 655 979 714 nihil
993 665 1092 714 tamen
1105 673 1178 715 auso
1198 656 1303 732 eloqui.

155 738 215 796 Vix
229 739 308 797 enim
323 737 494 796 crediderim
508 735 648 796 Ouidium
665 747 783 813 sumpto
803 737 902 796 habitu
916 737 1001 796 Isiaci
1015 736 1174 796 sacerdotis
1188 736 1305 812 Augus-

156 831 219 878 tum
240 819 353 886 adiisse,
376 818 480 877 fretum
500 819 587 876 uenia
608 835 667 895 qua
686 817 733 876 ille
752 817 976 877 Athenodorum
997 819 1158 895 accepisset
1179 818 1305 876 mulieris
1377 870 1382 890 ,

156 900 289 961 indutum
300 900 397 975 specie
412 899 538 975 sellaque
552 900 582 956 in
597 898 735 975 palatium
750 899 904 958 aduectum
919 917 987 958 curn
1001 899 1108 976 gladio,
1120 911 1305 958 monentem·

156 1000 214 1058 que
227 991 259 1040 ut
274 1000 291 1039 a
305 981 408 1039 talibus
422 980 532 1039 insidiis
551 980 674 1055 posthac
693 989 817 1052 caueret,
833 981 913 1057 quod
926 980 1013 1039 tradit
1026 980 1107 1039 Dion
1122 979 1155 1039 C.
1172 983 1219 1053 56.
1236 978 1306 1054 43.*

157 1062 280 1122 Constat
308 1071 384 1120 certe
412 1061 578 1136 Augustum
603 1063 634 1120 in
662 1061 785 1119 deorum
813 1062 902 1120 sacris
925 1061 1175 1136 religiosissimum
1198 1061 1305 1134 fuisse;

156 1161 276 1204 suorum
297 1152 395 1201 autern
415 1142 525 1219 flagitia
546 1143 733 1217 inpatientius
754 1142 870 1201 tulisse:
904 1152 935 1201 ut
956 1144 1030 1201 ultra
1054 1143 1171 1202 solitum
1191 1161 1305 1202 morem

156 1225 187 1283 in
202 1243 269 1283 eum
284 1225 444 1282 saeuiturus
458 1232 543 1294 esset,
558 1241 646 1299 quem
660 1224 690 1281 iu
703 1235 824 1300 utraque
840 1242 870 1282 re
885 1224 1007 1282 noxium
1022 1233 1210 1300 compererat.

197 1305 286 1364 Hanc
307 1305 393 1363 Isidis
414 1304 557 1363 offensam
578 1323 667 1380 quam
689 1305 729 1363 sic
751 1304 900 1381 Augustus
921 1305 998 1364 ultus
1019 1305 1064 1375 sit,
1086 1305 1164 1363 unde
1186 1305 1306 1363 tandem

157 1386 292 1462 colligere
306 1386 421 1444 audeo?
451 1385 580 1444 Primum
594 1404 630 1443 err
644 1386 709 1461 ipso
727 1387 854 1444 carmine
865 1386 970 1444 Ibidis:
991 1385 1097 1444 deinde
1112 1405 1148 1444 ex
1160 1385 1305 1444 Tristibus

156 1478 185 1526 et
205 1467 343 1543 Epistulis
365 1486 402 1525 ex
423 1467 528 1525 Ponte.
569 1465 616 1524 De
636 1466 719 1524 Ibide
740 1467 843 1544 loquar
863 1468 1024 1542 posterius:
1047 1485 1126 1526 nunc
1145 1466 1218 1526 haec
1236 1484 1306 1525 con-

157 1548 258 1607 sidera.
301 1548 407 1606 Tristia
431 1549 481 1624 qui
501 1548 609 1624 legerit,
631 1547 709 1620 nihil,
730 1557 762 1605 ut
786 1548 899 1624 opinor,
922 1549 1026 1606 totiens
1047 1548 1195 1611 mirabitur
1217 1566 1306 1624 quarn

158 1628 297 1688 Ouidium
321 1628 445 1687 fertilem
467 1647 550 1687 suam
577 1646 683 1687 uenam
707 1647 800 1704 prope
826 1628 996 1701 destituisse,
1019 1646 1072 1704 pro
1097 1629 1185 1687 ubere
1209 1647 1306 1687 rerum

157 1711 244 1787 copia
264 1729 298 1768 ac
320 1710 476 1768 uerborum
498 1727 587 1784 quam
606 1711 637 1767 in
654 1710 811 1768 Amoribus
830 1709 923 1768 Fastis
945 1709 1233 1786 Metamorphosibus
1255 1711 1306 1770 ad-

157 1791 280 1851 hibuerit
294 1791 468 1850 successisse
482 1791 576 1850 sterile
590 1790 739 1867 quoddam
758 1799 787 1848 et
806 1791 943 1862 ieiunum,
959 1809 1018 1868 quo
1040 1791 1217 1850 calamitates
1237 1809 1305 1850 suas

156 1873 259 1932 iterum
273 1880 361 1949 atque
374 1873 478 1931 iterum
491 1882 634 1948 queratur.
663 1871 739 1930 Sane
754 1872 866 1930 uidetur
879 1889 971 1930 unum
985 1890 1136 1948 superesse
1150 1873 1306 1948 uestigium

156 1953 266 2029 ingenii
286 1954 316 2011 in
337 1971 417 2012 noua
438 1971 469 2011 se
489 1953 625 2028 erigentis
646 1952 728 2030 quod
749 1953 863 2030 singula
879 1953 1001 2013 disticha
1016 1953 1174 2012 sententias
1188 1953 1305 2026 habent,

157 2052 219 2093 non
236 2044 268 2092 ut
286 2035 316 2091 in
331 2034 489 2093 Amoribus
503 2034 574 2093 Arte
587 2034 681 2093 Fastis
702 2035 869 2110 simpliciter
889 2034 1083 2106 decurrentes,
1099 2034 1151 2094 sed
1172 2035 1305 2112 complu·

157 2117 236 2174 ribus
260 2116 399 2174 membris
426 2116 500 2174 inter
528 2134 560 2174 se
583 2116 733 2191 inplicatas
760 2134 795 2174 ac
820 2133 957 2175 conexas.
999 2116 1120 2192 Absque
1142 2115 1200 2175 hoc
1223 2116 1304 2188 foret,

157 2197 206 2255 uix
231 2196 320 2272 digna
341 2196 450 2256 Ouidio
471 2196 562 2255 uideri
582 2206 735 2272 poterant;
764 2205 845 2255 tanta
868 2197 900 2255 in
924 2197 1061 2256 omnibus
1082 2199 1158 2256 inest
1179 2195 1306 2275 (praeter

157 2278 320 2336 secundum
344 2278 449 2335 librum
474 2275 625 2356 Tristium)
648 2278 806 2354 figurarum
830 2296 865 2336 ac
894 2279 1036 2337 sermonis
1063 2279 1173 2338 iteratio
1184 2298 1193 2351 3
1229 2279 1305 2338 adeo

159 2377 301 2436 nusquam
324 2377 419 2418 rerum
439 2358 527 2416 ullam
548 2359 699 2418 materiam
716 2358 831 2418 dicendi
852 2359 907 2418 nisi
925 2360 956 2416 in
974 2359 1095 2418 miseriis
1114 2361 1173 2419 suis
1190 2359 1305 2425 habet.†

157 2438 268 2516 Estque
279 2440 336 2499 hoc
348 2441 444 2516 ipsum
455 2440 535 2517 quod
548 2440 678 2517 legentes
691 2440 829 2512 aduertat,
839 2441 971 2499 eminens
983 2450 1011 2499 et
1020 2451 1136 2499 exstans
1146 2441 1305 2499 earundem

156 2539 252 2580 rerum
269 2522 520 2597 comparationum
537 2523 693 2580 uerborum
715 2521 840 2598 denique
862 2521 1025 2584 similitudo.
1068 2521 1123 2581 Cui
1145 2523 1223 2581 enim
1244 2540 1306 2580 uon

156 2610 282 2660 recurret
308 2602 377 2660 illud
405 2602 592 2661 decantatum
614 2601 716 2661 Litora
737 2610 803 2678 quot
825 2604 948 2674 conchas,
971 2610 1036 2678 quot
1055 2622 1167 2661 amoena
1191 2606 1305 2662 rosaria

146 2683 236 2758 flores
250 2683 338 2743 Trist.
350 2702 376 2741 v.
389 2703 415 2741 2.
429 2703 465 2758 23
482 2702 554 2760 sqq,
570 2683 650 2760 quod
664 2685 695 2741 in
708 2701 889 2761 unoquoque
902 2684 975 2742 libro
989 2703 1045 2743 nec
1059 2684 1198 2743 Tristium
1213 2685 1304 2744 modo

157 2764 209 2823 sed
223 2765 311 2823 etiam
324 2765 521 2841 Epistularum
542 2763 722 2841 aliquatenus
742 2775 886 2824 mutatum
907 2765 1058 2842 repetiuit?
1099 2765 1156 2824 Vel
1176 2765 1247 2825 illud
1268 2765 1305 2824 de

157 2844 289 2905 Busiride
311 2856 340 2904 et
361 2846 519 2917 Phalaride,
542 2847 623 2922 quod
643 2855 675 2904 ut
697 2847 728 2904 in
748 2846 831 2904 Ibide
852 2847 894 2905 sic
917 2847 948 2905 in
969 2847 1057 2905 Trist.
1079 2856 1108 2905 et
1128 2845 1222 2922 Epist.
1243 2864 1305 2905 non

157 2928 247 2985 semel
260 2928 364 3003 legitur
378 2926 443 3006 (Tr.
456 2927 493 2985 iii.
512 2946 558 2985 11.
575 2947 623 3002 39,
639 2928 723 2986 Pont.
738 2928 774 2986 iii.
790 2930 817 2984 6.
834 2924 894 3005 41).
937 2927 1022 2986 Haec
1036 2928 1136 2986 omnia
1155 2945 1304 2986 recensere

156 3018 279 3067 nonest
300 3010 390 3067 nostri
405 3009 519 3084 operis:
543 3018 655 3067 tantum
674 3009 794 3067 afferam
812 3027 888 3085 quae
907 3010 944 3067 ad
964 3009 1049 3068 Isidis
1067 3010 1154 3067 ritum
1174 3008 1245 3066 mihi
1258 3026 1304 3066 re-

156 3087 276 3148 ferenda
289 3090 450 3148 uideantur.
496 3089 575 3147 Nam
589 3108 626 3148 ne
641 3090 764 3149 obsoleti
778 3089 871 3149 cultus
886 3090 975 3148 uerba
989 3098 1018 3147 et
1031 3090 1123 3148 uoces
1139 3090 1304 3148 nesciamus

156 3171 272 3229 obstant
285 3171 493 3248 Inscriptiones
509 3180 537 3229 et
551 3180 747 3230 emortuarum
761 3170 943 3246 relligionum
957 3179 1105 3228 enarrator
1119 3170 1268 3245 Apuleius.

197 3251 342 3322 Quotiens
366 3253 445 3311 enim
470 3251 594 3310 Ouidius
618 3252 806 3311 infortunium
831 3269 917 3310 suum
941 3252 1045 3327 plagae
1070 3260 1222 3326 comparat
1246 3269 1304 3327 qua

156 3350 250 3408 paene
272 3333 310 3391 ad
330 3343 456 3392 mortem
477 3332 631 3392 confossus
653 3335 705 3393 sitl
749 3333 799 3392 Tr.
813 3333 831 3391 i.
851 3352 874 3390 1.
891 3351 928 3406 99
943 3331 1209 3408 quimiiriuulmra
1218 3334 1301 3412 fecit.

155 3413 191 3472 iii.
216 3433 262 3473 11.
284 3417 321 3490 63
343 3416 495 3473 rescindere
518 3417 639 3472 crimirm
667 3416 732 3485 noli,
755 3413 849 3489 Deque
867 3415 963 3489 graui
986 3414 1076 3471 duros
1102 3414 1216 3471 uulnere
1243 3414 1304 3470 tolle

155 3514 262 3554 monus.
292 3499 330 3553 66
344 3495 435 3554 Facta
455 3498 608 3553 cicatricem
630 3496 726 3554 ducere
745 3502 840 3554 nostra
860 3497 927 3553 sama
943 3494 1027 3558 Pont.
1042 3495 1060 3554 i.
1077 3513 1102 3568 3.
1122 3509 1157 3568 15
1177 3493 1304 3570 Tempora

155 3578 269 3635 ducetur
282 3577 361 3653 longo
370 3578 499 3656 sortasse
512 3578 644 3646 cicatrix,
659 3577 788 3635 Horrent
806 3577 929 3634 admotas
949 3576 1066 3634 uulnera
1087 3577 1174 3634 cruda
1195 3595 1303 3634 manus.

156 3656 243 3717 Trist.
257 3658 294 3717 iii.
311 3662 337 3717 6.
355 3677 391 3732 ²9
406 3657 542 3733 omnaque
554 3658 722 3735 reformidat
740 3660 829 3716 ueluti
842 3677 894 3716 sua
908 3659 1027 3715 uulnera
1041 3665 1144 3734 tempus
1158 3656 1242 3715 Illud.
1257 3656 1303 3716 Cf.

156 3737 243 3798 Trist.
260 3739 296 3796 iv.
315 3758 339 3797 1.
356 3741 403 3813 36,
426 3738 511 3797 Pont.
528 3739 546 3797 i.
564 3742 591 3798 6.
609 3759 655 3812 22,
677 3739 712 3796 iv.
731 3758 776 3798 11.
792 3758 818 3811 4,
837 3757 883 3814 19,
903 3738 931 3797 ii.
948 3758 976 3813 3.
993 3758 1040 3814 94.
1090 3738 1129 3799 Et
1150 3739 1241 3799 multo
1262 3739 1303 3795 ui-

155 3819 249 3880 uidius
263 3820 347 3879 Pont.
361 3821 389 3878 ii.
406 3833 431 3894 7.
448 3839 483 3892 41

360 3899 410 3959 Sic
423 3920 469 3977 rgo
483 3902 608 3959 continuo
609 3902 748 3979 fortunae
761 3903 894 3959 uulncror
907 3902 963 3958 ictu

407 3983 516 4057 Vixque
529 3983 610 4040 habet
622 3984 652 4039 in
665 3983 742 4040 nobis
757 3984 813 4040 ram
828 4001 900 4040 nouo
908 3982 997 4057 plaga
1011 3982 1108 4040 locum.

155 4063 191 4122 iv.
210 4065 253 4121 16.
270 4077 305 4138 51
361 4062 439 4134 Quid
449 4066 531 4121 acuat
541 4065 796 4142 cxtz'rcctorfirrum
811 4064 946 4121 demittere
960 4065 990 4120 in
1004 4066 1110 4121 artus?

399 4143 467 4204 Non
480 4144 562 4202 habet
573 4147 603 4202 in
616 4144 694 4202 nobis
708 4146 764 4202 ram
779 4162 851 4203 noua
860 4145 949 4220 plaga
962 4144 1058 4202 locum.

155 4224 242 4302 Apul.
257 4225 299 4283 M.
315 4225 353 4284 xi.
372 4240 407 4299 15
422 4224 501 4285 Nam
521 4228 551 4283 in
569 4245 612 4283 cos
630 4244 746 4300 quorum
760 4226 817 4284 sibi
827 4228 903 4284 uitas
918 4228 948 4283 in
962 4226 1106 4283 seruztricm
1121 4224 1184 4283 deoc
1196 4231 1306 4282 nostrae

189 4354 294 4416 *Culpa
306 4355 392 4413 Ouidii,
404 4371 564 4417 quaecumque
578 4356 628 4412 fuit,
640 4371 697 4402 non
713 4356 860 4403 minimum
878 4355 984 4403 suroris
997 4354 1077 4402 babuit
1089 4356 1167 4416 (Pout.
1180 4355 1203 4403 li.
1214 4367 1236 4416 3.
1247 4353 1305 4417 46):

156 4420 218 4480 quod
229 4420 258 4467 de
269 4421 369 4468 audacia
382 4422 425 4482 (aa
436 4421 554 4482 escapade)
567 4422 637 4481 qualis
649 4421 796 4470 Athenodori
807 4421 866 4470 naec
876 4421 928 4480 fuit,
937 4437 985 4468 non
997 4422 1058 4470 male
1069 4420 1173 4480 explicet.

189 4484 208 4544 †
225 4487 276 4535 Seu.
288 4487 359 4536 Cont.
367 4487 474 4549 Excerpt.
484 4487 516 4535 lii.
528 4487 602 4536 Praei,
611 4497 632 4548 5.
777 4485 784 4490 “
