3038 5010
443 398 449 409 '
543 390 870 455 PROLEGOMENA;
1143 453 1145 457 ,
1240 391 1287 452 1111·

130 553 208 614 nulla
235 561 279 613 est
306 553 426 613 mentio.
469 550 606 612 ConicIas
637 550 714 609 idern
743 550 824 626 quod
851 550 882 607 in
897 548 982 607 Nuce
1010 548 1120 608 sactum
1147 566 1220 620 esse,
1248 560 1280 609 ut

130 637 272 695 omissum
301 653 418 694 carmen
442 643 590 710 tamquam
613 631 704 691 leuius
728 631 820 703 fuerit,
842 648 914 689 mox
939 633 1093 706 separatim
1122 631 1279 707 scripturn:

130 726 206 776 certe
220 717 250 774 in
265 716 465 792 antiquissimo
481 713 582 774 codice
597 713 729 773 Galeano
745 730 822 771 saec.
837 712 876 770 xii
890 713 931 770 sie
947 713 1069 771 seorsim
1083 711 1197 788 legitur.
1231 712 1277 772 Cf.

68 820 74 827 ·
129 816 205 874 quae
220 799 258 857 de
273 797 358 857 Nuce
372 797 484 873 scripsit
499 795 675 854 Behrensius
690 795 772 853 Poet.
788 793 852 852 Lat.
868 792 941 852 Min.
956 794 974 852 i.
988 812 1017 870 p.
1034 795 1082 853 88.

648 1064 761 1139 VIII.
825 1151 827 1155 ¹

517 1209 569 1279 De
591 1217 757 1282 Codicibus
774 1217 889 1282 Ibidis.
964 1227 967 1234 '

171 1362 298 1423 Codices
309 1361 400 1420 Ibidis
414 1363 464 1438 qui
479 1361 597 1438 quidem
612 1362 682 1421 mihi
697 1363 873 1423 lnnotuerint
883 1363 920 1423 ad
932 1382 1023 1422 unum
1038 1381 1142 1423 omnes
1156 1363 1279 1424 redeunt

129 1445 316 1520 archetypon.
359 1443 471 1503 Omnes
492 1444 571 1501 enlm
590 1445 729 1503 exhibent
747 1455 883 1521 corrupta
902 1446 975 1504 haec
995 1448 1052 1520 256
1067 1447 1169 1503 mermc
1184 1451 1278 1521 polens

129 1545 184 1604 pro
199 1526 406 1600 thuricremam,
422 1528 460 1597 84
475 1526 557 1583 chori
572 1543 626 1601 pro
645 1526 720 1595 chao,
739 1545 794 1600 109
810 1528 906 1584 clarus
921 1544 975 1603 pro
991 1528 1107 1597 calidus,
1126 1531 1181 1600 178
1196 1529 1281 1603 egisti

129 1626 184 1685 pro
198 1609 290 1684 egipti,
306 1624 362 1680 311
376 1606 468 1665 alebas
481 1625 535 1682 pro
549 1608 653 1677 aleuas,
670 1621 727 1682 335
735 1618 825 1683 passa
838 1614 884 1679 est,
901 1622 958 1683 359
973 1607 1003 1665 T
997 1609 1087 1677 blesti,
1101 1621 1160 1683 527
1176 1607 1277 1677 Oresti,

130 1704 188 1764 502
205 1688 349 1765 papbagee
368 1688 415 1746 uel
429 1697 551 1764 pesagee,
573 1702 632 1762 513
654 1689 750 1746 ebenus
770 1707 823 1764 pro
844 1709 952 1758 cuenus,
976 1704 1034 1764 549
1057 1688 1202 1748 Siracusio
1222 1707 1276 1766 pro

130 1770 280 1839 Sc'racosia
297 1771 356 1826 600
373 1768 500 1845 Orpbcon
521 1769 567 1828 uel
589 1769 699 1845 Orphea
720 1788 773 1845 pro
791 1769 921 1846 Orpheos.
963 1770 1116 1829 Praeterea
1136 1780 1202 1848 post
1220 1781 1278 1846 130

129 1850 189 1910 duo
209 1868 311 1909 uersus
331 1851 362 1907 in
383 1851 519 1909 omnibus
540 1851 704 1926 interpolati
725 1862 793 1910 sunt
809 1851 907 1911 ll'rziet
926 1852 977 1910 illa
997 1853 1053 1910 dics
1073 1851 1186 1927 quaele
1206 1853 1280 1910 milri

129 1932 276 1991 subtrahet
289 1932 354 1989 olc'm
368 1930 467 1990 bloiet
481 1932 534 1989 cllo
554 1933 610 1990 dies
628 1950 697 2006 quae
717 1935 789 1991 mclii
804 1936 888 1991 tarda
906 1936 987 1991 ucnz't.
1032 1932 1202 1992 Insederant
1215 1951 1276 1992 car·

129 2015 200 2072 mini
220 2014 293 2072 haec
313 2014 382 2071 uitia
405 2022 472 2071 ante
495 2013 583 2073 finem
606 2031 681 2072 saec.
696 2015 745 2085 xii,
767 2033 826 2091 quo
848 2026 981 2091 tempore
1003 2013 1226 2093 Galeanus·(G)
1248 2025 1278 2075 et

130 2094 313 2154 Turonensis
328 2092 381 2175 (T)
396 2092 531 2170 descripti
553 2103 628 2153 sunt.
673 2094 731 2154 Sed
752 2113 812 2154 non
834 2097 949 2155 abhoc
971 2097 1128 2172 archetypo
1150 2096 1278 2155 deriuata

130 2185 198 2235 sunt
219 2185 357 2251 excerpta
381 2175 471 2234 Ibidis
494 2193 569 2251 quae
594 2176 624 2233 ln
646 2176 893 2237 Deflorationibus
914 2176 1032 2237 Gallicis
1055 2187 1084 2235 et
1105 2176 1280 2236 Britannicis

130 2257 236 2316 inueni.
278 2257 358 2316 Nam
376 2256 431 2315 hae
450 2256 559 2315 habent
577 2275 632 2332 109
647 2259 755 2325 calidus
771 2259 950 2329 nonclarus,
968 2276 1005 2332 43
1020 2267 1123 2333 semper
1136 2258 1200 2315 dum
1216 2259 1279 2316 urta

129 2356 191 2397 non
211 2339 292 2396 donec
313 2338 385 2397 mibi
403 2339 472 2407 uita,
494 2339 600 2414 taziges
621 2357 682 2397 non
703 2340 807 2414 iapudes
827 2340 1036 2410 Atrebatensis,
1058 2338 1136 2398 unde
1157 2349 1279 2415 apparet

130 2419 257 2479 extitisse
271 2418 348 2478 aliud
362 2419 450 2495 idque
464 2419 561 2477 mlnus
580 2420 710 2478 uitiatum
729 2421 885 2496 exemplar.
928 2420 1045 2479 Etenim
1059 2422 1155 2479 clarus
1172 2421 1201 2478 in
1220 2438 1276 2500 ¹09.

129 2518 191 2559 non
211 2510 309 2577 potest
330 2517 432 2558 uerum
452 2517 525 2572 esse,
543 2511 682 2577 sequente
701 2502 780 2559 clara
797 2503 828 2558 in
846 2521 920 2560 110:
945 2520 1040 2577 neque
1062 2519 1133 2560 uero
1154 2519 1190 2559 ex
1212 2520 1280 2560 cor·

129 2591 240 2640 rectore
261 2581 424 2658 profectum
445 2592 497 2651 est,
515 2600 583 2640 cum
604 2600 665 2640 non
686 2583 777 2642 modo
798 2584 828 2640 in
848 2583 1063 2643 Deflorationes
1084 2600 1188 2641 omnes
1211 2596 1277 2659 per*

130 2664 248 2734 uenerit,
271 2662 323 2722 sed
344 2663 431 2723 etiarn
451 2663 482 2720 in
499 2662 645 2722 Vincentii
667 2664 882 2723 Bellouacensis
902 2664 1029 2741 Speculo
1050 2664 1170 2740 legatur.
1217 2664 1278 2724 Sed

130 2743 236 2806 infelici
257 2761 326 2802 casu
347 2745 455 2802 iactum
477 2754 520 2803 est
541 2754 573 2802 ut
594 2744 623 2801 ln
645 2744 846 2804 Defloratione
867 2745 1278 2820 ParIsina15‚155,saec.xii

129 2826 177 2884 uel
197 2825 255 2898 xiii,
274 2834 410 2902 excerpta
430 2843 505 2901 quae
526 2824 596 2883 olim
617 2827 732 2884 inerant
753 2827 844 2885 Ibidis
862 2826 907 2903 (ut
927 2846 963 2885 ex
985 2829 1159 2903 scrlptorum
1180 2826 1277 2886 indice

129 2907 288 2983 praemisso
300 2904 455 2985 colligitur)
466 2923 527 2964 non
542 2907 599 2964 iam
615 2909 761 2984 supersint
768 2928 777 2981 ;
792 2926 971 2985 quamquam
986 2925 1047 2966 non
1062 2907 1162 2966 dubito
1173 2908 1277 2967 eadem

88 3052 91 3059 ,
130 2987 190 3047 1111
204 3006 278 3064 quae
292 2989 323 3045 ln
338 2987 440 3047 ceteris
454 2987 551 3047 fuisse.

172 3068 230 3128 Sed
251 3076 280 3128 et
304 3069 376 3128 alius
400 3068 467 3127 fons
491 3077 579 3127 restat
603 3070 652 3146 qui
677 3088 694 3128 a
716 3071 823 3130 nostris
846 3071 996 3129 codicibus
1016 3070 1112 3146 aliqua
1136 3088 1172 3129 ex
1195 3077 1280 3146 parte

130 3150 295 3226 discrepare
322 3149 462 3209 uideatur.
510 3148 599 3208 Extat
626 3151 656 3208 in
685 3151 860 3211 bibliotheca
886 3151 1046 3210 Bodleiana
1079 3152 1150 3210 liber
1177 3152 1278 3222 rarior,

129 3230 324 3307 Repertorium
341 3230 536 3289 Vocabulorum
545 3231 772 3306 Expositum,
784 3232 905 3291 ‘editum
920 3251 938 3290 a
952 3232 1121 3291 doctissimo
1130 3232 1277 3291 literarum

130 3322 258 3371 amatore
283 3312 425 3388 Magistro
449 3312 588 3371 Conrado
610 3315 760 3373 turicensis
785 3315 907 3373 ecclesie
933 3323 1051 3372 cantore
1073 3323 1102 3371 et
1123 3313 1277 3389 conpletus

130 3412 208 3456 anno
222 3392 334 3452 domini
344 3405 382 3452 11Ο
391 3405 539 3454 1111111110.
571 3394 606 3451 In
621 3395 720 3471 uigilia
733 3396 941 3472 assumptionis
955 3396 1039 3453 beate
1053 3395 1142 3452 marie
1157 3394 1278 3470 uirginis

130 3474 295 3534 Indictione
312 3475 423 3551 prima’
464 3475 500 3533 In
519 3475 576 3534 hoc
595 3475 669 3551 libro
688 3477 853 3536 continetur
870 3477 993 3554 plurima
1010 3493 1077 3552 pars
1093 3476 1277 3535 historiarum

131 3556 228 3627 Ibidis,
242 3556 361 3616 adiectis
380 3555 623 3633 explicationibus
642 3558 717 3616 ueris
736 3559 835 3631 modo,
850 3558 942 3616 modo
961 3557 1048 3629 falsis,
1062 3565 1095 3616 ut
1114 3573 1150 3615 ex
1170 3557 1276 3616 scholl-

130 3655 214 3696 orum
234 3647 334 3696 nostra
355 3638 481 3696 editione
502 3638 634 3697 elucebit.
678 3638 769 3699 Hunc
789 3640 958 3699 Conradum
979 3639 1015 3697 de
1034 3638 1120 3698 Mure
1139 3638 1278 3715 perboniS

129 3718 280 3779 codicibus
298 3736 384 3776 usum
401 3737 466 3777 esse
481 3719 522 3778 sic
536 3719 675 3794 intelligo.
719 3720 804 3780 Solus
819 3721 905 3779 habet
919 3721 1023 3778 redemi
1033 3738 1087 3795 pro
1102 3721 1206 3778 redimi
1217 3722 1272 3777 181

131 3799 218 3876 idque
243 3800 296 3870 bis,
319 3817 378 3875 quo
402 3800 493 3858 modo
517 3801 554 3859 ab
578 3801 703 3876 antiquis
723 3803 899 3860 uocabulum
921 3803 1060 3877 scriptum
1081 3801 1169 3860 luisse
1190 3800 1277 3862 docet

131 3880 240 3941 Munro
255 3881 292 3939 ad
306 3880 450 3939 Lucreti.
463 3883 529 3952 116,
545 3888 623 3958 terga
636 3900 690 3958 pro
697 3883 769 3957 pelle
781 3902 848 3958 319,
863 3883 994 3940 esclu'raea
1006 3901 1075 3959 330,
1088 3882 1277 3959 calliricesquc

132 3965 200 4035 348,
214 3963 324 4037 ccgncus
339 3965 406 4038 463,
426 3963 542 4021 Venator
543 3964 648 4041 src'gc'a
664 3966 731 4036 508,
745 3983 844 4022 eucnus
859 3977 926 4038 513,
942 3966 1109 4039 astacideque
1124 3978 1192 4037 515,
1207 3969 1278 4022 stuto

130 4061 185 4119 pro
199 4050 295 4101 truruo
308 4044 356 4113 ib,
372 4042 565 4118 Sollicitusque
580 4062 634 4119 pro
650 4044 824 4120 Sollicitoque
839 4060 906 4121 559,
921 4047 1068 4121 telegonius
1081 4055 1109 4103 et
1127 4045 1277 4122 teleogonus

130 4141 184 4199 pro
206 4125 256 4182 teli
269 4143 358 4201 genus
373 4127 441 4200 567,
460 4124 595 4199 Quemque
612 4144 713 4183 memor
733 4129 824 4184 sacris
845 4145 900 4204 pro
920 4125 1004 4197 Quem
1027 4144 1127 4184 memor
1146 4145 1165 4182 a
1185 4128 1277 4183 sacris

132 4208 200 4277 622,
221 4213 345 4280 certoque
366 4206 393 4263 h.
409 4225 434 4265 e.
455 4214 579 4281 cretaque
601 4220 658 4280 571
669 4227 677 4283 3
706 4207 785 4266 solus
806 4217 919 4284 praeter
935 4208 963 4266 T
981 4211 1070 4266 uictus
1089 4225 1143 4284 pro
1164 4209 1277 4282 qur'rctus

134 4305 200 4361 193.
245 4286 331 4345 Solus
349 4298 498 4363 tamquam
517 4289 596 4345 aliter
614 4289 720 4347 lectum
740 4298 882 4347 memorat
900 4291 931 4347 in
947 4293 1004 4360 488
1024 4291 1128 4363 &mos
1171 4287 1229 4346 Sed
1247 4298 1276 4346 et

131 4368 162 4425 in
177 4367 300 4427 Scholiis
314 4386 374 4426 non
389 4370 493 4428 desunt
507 4388 582 4445 quae
597 4369 681 4432 altius
695 4370 847 4436 uideantur
861 4371 981 4446 repetita
995 4371 1073 4446 apud
1085 4369 1274 4438 Conradum;

131 4449 199 4509 uide
214 4467 288 4526 quae
302 4448 447 4527 disputaui
461 4451 490 4508 ln
502 4450 602 4509 Diario
614 4437 715 4514 Philet.
727 4449 891 4527 Cantabrig.
902 4452 947 4512 vii.
960 4464 1108 4525 141-155,
1119 4469 1155 4508 ex
1170 4449 1275 4527 quibus
