3038 5010
188 401 243 455 178
651 393 873 456 EXCVRSVS.

186 563 213 609 et
227 554 269 621 86,
284 552 316 606 fr.
330 553 375 607 xix
393 553 487 621 Riese,
505 553 561 607 Vin
573 553 680 624 ecfatus
695 560 764 621 erat,
780 570 843 607 curte
863 570 938 606 enare
954 555 1093 606 maiarum
1114 553 1190 606 ultra
1206 568 1337 607 cunares

185 624 238 694 (sic
253 623 358 691 Iunius,
371 624 498 678 carnales
512 624 600 693 MSS)
613 626 769 693 arripiunt,
781 625 815 677 de
822 629 909 693 pente
920 626 952 677 in
969 624 1090 677 Tiberim
1102 623 1259 679 deturbant.

220 695 267 748 Ad
278 697 347 750 447.
368 697 409 748 Et
429 711 512 765 quae
532 695 738 749 Panthoides
756 694 837 749 fecit
856 695 896 748 de
914 694 1018 749 fratre
1039 694 1200 748 Medusae

347 814 354 825 ,
406 764 573 819 Eueniant
593 765 697 834 capiti
717 775 796 818 uota
814 764 953 819 sinistra
970 775 1035 819 tuo.

222 834 302 888 Nihil
318 834 363 889 his
381 835 510 889 uersibus
525 835 584 889 Ibis
602 836 688 890 habet
705 835 852 889 difficilius.
891 837 966 888 Nolo
985 835 1088 889 morari
1108 835 1136 889 in
1156 835 1190 889 iis
1209 851 1281 904 quae
1297 834 1335 888 ad

185 905 383 975 explicandum
396 907 489 959 locum
503 905 679 960 Scholiastae
693 906 849 961 tradidere:
869 906 941 960 adeo
960 915 1024 959 sunt
1038 905 1156 960 confusa
1168 914 1196 961 et
1209 905 1336 960 carentia

184 976 378 1030 fundamento.
416 979 492 1030 Sane
513 978 653 1046 Bupalum
676 976 866 1046 Hipponactis
890 986 985 1030 actum
1010 976 1145 1030 conuiciis
1166 986 1197 1030 ut
1222 993 1253 1030 se
1274 993 1335 1030 sus-

185 1046 290 1116 pendio
303 1055 416 1101 necaret
429 1064 464 1101 ex
478 1046 546 1100 Plin.
561 1047 649 1101 xxxvi.
664 1063 703 1115 12,
717 1046 837 1101 Acronis
848 1047 941 1101 Schol.
954 1048 1023 1101 Hor.
1036 1047 1127 1116 Epod.
1138 1047 1163 1102 6.
1177 1061 1209 1113 14
1221 1046 1335 1114 scimus,

185 1116 315 1187 quamuis
328 1134 426 1171 uerum
440 1117 469 1171 id
486 1118 571 1172 fuisse
587 1116 692 1171 Plinius
710 1127 808 1186 neget:
834 1117 885 1171 sed
899 1117 1110 1187 Hipponactem
1129 1117 1223 1187 ipsum
1237 1117 1335 1171 nescio

185 1188 264 1241 cuius
279 1187 436 1242 Penthidae
454 1187 611 1257 opprobriis
630 1198 762 1242 uexatum
781 1189 883 1257 laqueo
900 1187 988 1241 uitam
1002 1187 1127 1242 finiuisse
1142 1187 1204 1257 quis
1217 1188 1336 1242 credat?

187 1255 279 1311 immo
293 1257 448 1328 Hipponax
462 1258 561 1327 Pythei
578 1258 650 1312 filius
667 1258 758 1328 potuit
772 1258 907 1326 Pythides
924 1257 1028 1326 uocari,
1041 1258 1133 1328 potuit
1150 1258 1225 1312 diras
1243 1258 1335 1327 inpre-

185 1328 242 1382 cari
256 1329 339 1383 alicui
356 1329 435 1383 cuius
453 1345 532 1382 soror
546 1330 668 1383 Medusa
686 1330 731 1382 uel
746 1330 859 1384 Melusa
875 1339 967 1383 esset:
987 1329 1039 1384 sed
1057 1330 1128 1384 haec
1147 1328 1187 1383 ita
1205 1328 1335 1383 euenisse

184 1398 232 1453 uix
256 1400 324 1454 satis
349 1410 410 1454 tuto
435 1399 585 1453 confirmes
609 1416 644 1453 ex
668 1398 781 1469 ineptiis
810 1398 1034 1455 scholiastarum.
1084 1400 1204 1454 Codices
1230 1399 1334 1453 habent

185 1469 340 1538 pentides
353 1471 500 1524 GHMPX
513 1472 577 1537 Vat,
595 1469 776 1539 penthides
792 1470 828 1523 de
843 1471 924 1524 Mure
940 1487 1004 1523 cum
1017 1472 1077 1538 VF,
1097 1469 1287 1540 pentelides
1301 1472 1334 1538 T,

184 1539 331 1609 pitoides
352 1540 540 1595 Harleianus:
563 1541 603 1595 de
622 1542 724 1594 fratre
744 1542 861 1594 FHMT
880 1541 915 1595 de
936 1542 1026 1608 Mure,
1046 1540 1216 1610 fraterque
1235 1541 1333 1595 GPX:

185 1611 320 1665 meduse
334 1628 433 1664 omnes
446 1610 556 1679 sinceri,
569 1611 694 1664 meluse
708 1612 797 1678 Harl.‚
810 1611 953 1666 medulle
968 1610 1150 1681 Phillippicus
1164 1611 1241 1679 3360.

221 1681 403 1735 Penthides
423 1681 446 1735 si
466 1699 531 1736 uere
550 1681 684 1736 traditum
703 1691 746 1736 est
765 1682 801 1734 de
819 1698 876 1734 uno
896 1682 1054 1736 Menoeceo
1072 1681 1204 1751 explicari
1223 1682 1335 1751 poterit.

186 1751 243 1805 Hic
256 1751 332 1807 enim
345 1752 417 1805 filius
429 1752 534 1819 Oclasi,
547 1769 636 1821 nepos
651 1751 768 1806 Penthei
782 1751 832 1806 fuit
844 1752 950 1820 (Schol.
962 1753 1068 1806 Phoen.
1077 1750 1149 1821 942),
1164 1768 1226 1806 sese
1238 1762 1335 1806 autem

184 1839 236 1892 pro
249 1823 340 1891 patria
353 1822 467 1877 deuouit
480 1833 508 1877 et
522 1823 558 1877 de
575 1821 662 1876 muris
675 1823 838 1877 Thebarum
855 1821 1059 1891 praecipitauit.
1098 1825 1200 1892 Neque
1217 1821 1246 1876 id
1265 1840 1335 1877 sane

184 1909 202 1947 a
216 1892 304 1947 Curtii
321 1903 411 1947 morte
425 1895 496 1961 (443,
510 1892 537 1961 4)
551 1910 643 1963 neque
657 1911 674 1947 a
686 1893 838 1948 deuotione
855 1892 916 1947 auis
931 1892 1020 1947 lbidis
1034 1891 1179 1962 (449-450)
1193 1893 1335 1960 abhorret,

184 1980 237 2088 ἧς
254 1964 376 2090 (1οαὶεέμὲ
389 1981 407 2018 a
422 1962 565 2019 mentione
579 1965 753 2034 Spartorum.
791 1965 872 2018 Haec
885 1962 961 2019 enim
975 1965 1148 2020 Menoeceus
1165 1963 1201 2019 de
1218 1980 1249 2019 se
1266 1962 1335 2018 dicit

230 2050 319 2090 oens
376 2076 383 2091 .

397 2105 442 2158 Md
459 2106 504 2159 τὸν
522 2102 576 2174 μετ’
588 2102 693 2172 άστρων
711 2102 768 2172 Ζῆν’
780 2102 847 2175 Ἀρη
866 2127 894 2160 τε
912 2105 1014 2175 φοίνιον

389 2173 440 2231 ‘Os
457 2176 516 2231 τοὺς
533 2175 731 2244 ὑπερτείλαντας
748 2176 777 2229 ἐκ
794 2177 868 2247 γαίας
885 2176 948 2230 ποτὲ

397 2246 553 2334 Σπαρτοὺς
569 2246 698 2300 άνακτας
715 2246 796 2313 τῆσδε
813 2248 861 2317 γῆς
879 2245 1011 2315 ἱδρύσατο.

395 2315 464 2369 Ἀλλ
484 2311 535 2385 εἶμι
553 2317 594 2369 καὶ
613 2317 677 2372 στὰς
695 2316 725 2382 ἐξ
744 2317 875 2386 ἐπάλξεων
892 2319 977 2384 άκρων

397 2386 503 2457 Σφάξας
521 2387 630 2453 ἐμαυτὸν
648 2388 743 2454 σηκὸν
760 2387 791 2442 ἐς
808 2387 989 2457 μελαμβαθῆ

397 2458 577 2526 Δράκοντος,
595 2454 672 2511 ἕνθ’ὁ
690 2457 779 2526 μάντις
797 2457 952 2527 ἐξηγήσατο,

395 2526 581 2597 Ἐλευθερώσω
598 2530 681 2597 γαῖαν.
706 2525 802 2598 εἴρηται
819 2531 909 2598 λόγος.

396 2599 493 2668 Στείχω
511 2597 540 2651 δὲ
558 2597 667 2652 θανάτου
685 2598 768 2663 δῶρον
787 2599 832 2652 οὐκ
849 2599 961 2670 αἰσχρὸν
977 2600 1053 2653 πόλει

397 2671 504 2736 Δώσων,
523 2670 602 2723 νόσου
621 2668 649 2722 δὲ
667 2667 736 2738 τήνδ’
748 2669 891 2738 ἀπαλλάξω
909 2670 997 2741 χθόνα.

397 2740 432 2793 El
449 2740 507 2810 γὰρ
526 2739 631 2801 λαβὼν
648 2738 779 2796 ἕκαστος
797 2739 820 2809 d,
838 2763 867 2795 τι
885 2739 1008 2796 δύναιτό
1027 2761 1073 2795 τις

396 2814 537 2880 Χρηστὸν
556 2807 676 2863 britton
694 2815 793 2878 τοῦτο,
811 2811 873 2866 κεῖς
890 2814 989 2865 κοινὸν
1007 2811 1099 2881 φέροι

395 2881 535 2951 Πατρίδι,
554 2885 636 2933 κακῶν
653 2880 684 2936 ἂν
702 2883 728 2935 αἱ
746 2885 835 2936 πόλεις
852 2882 1007 2937 ε’λσσσόνων

396 2954 555 3021 Πειράιμεναι
572 2952 603 3004 τὸ
620 2952 713 3005 λοιπὸν
731 2953 861 3021 εὐτυχοῖεν
878 2952 918 3006 du.

184 3030 228 3086 Cs.
243 3033 320 3100 Hyg.
331 3030 365 3096 67
378 3031 570 3101 interrogatus
586 3031 709 3084 Tiresias
723 3032 796 3101 que'd
808 3032 851 3085 ita
867 3031 972 3086 Thebae
986 3036 1162 3086 uexarentur
1173 3034 1337 3103 respandzt;

81 3117 86 3126 ·
183 3103 212 3156 si
230 3104 295 3171 ques
314 3118 351 3154 eu
374 3100 559 3155 Dracontio
580 3116 701 3170 genere
724 3112 917 3170 superesset
938 3108 967 3156 et
984 3106 1041 3172 pra
1060 3105 1163 3173 patria
1183 3106 1337 3158 interiisset

179 3173 343 3242 pestilentia
363 3171 557 3226 liberaturum.
607 3171 634 3223 T
631 3188 679 3225 um
700 3173 863 3227 Menoeceus
886 3174 1011 3227 locastae
1030 3178 1164 3244 peterse
1187 3176 1220 3229 a'e
1243 3177 1336 3229 murt‘s

221 3246 281 3296 aeci
298 3244 392 3296 itauit.
954 3294 958 3301 .

181 3247 323 3383 prNediie
336 3330 354 3367 a
368 3311 515 3367 Menoecei
532 3313 628 3368 sabula
643 3312 782 3368 dissident
795 3330 867 3383 quae
880 3324 1013 3368 secuntur
1025 3313 1049 3368 si
1063 3331 1128 3369 cum
1141 3316 1269 3369 Galeano
1283 3315 1333 3384 (G)

184 3384 287 3452 legeris
305 3383 475 3453 fraterque
496 3384 664 3438 Medusae.
703 3387 780 3438 Nam
794 3385 917 3453 Polybus
931 3385 977 3454 qui
993 3385 1134 3454 Oedipum
1148 3402 1200 3466 pro
1213 3385 1269 3440 filio
1282 3404 1335 3440 suo

184 3455 254 3509 aluit
266 3464 338 3509 teste
353 3454 515 3523 Pherecyde
529 3471 574 3523 ap.
585 3455 679 3509 Schol.
691 3456 776 3524 Soph.
789 3455 824 3508 O.
833 3458 865 3509 T.
877 3457 927 3524 785
942 3473 1056 3510 uxorem
1069 3457 1167 3511 habuit
1182 3457 1334 3510 Medusam

186 3524 335 3593 Orsilochi,
354 3524 447 3578 fratris
466 3524 518 3591 sui,
537 3525 631 3580 filiam.
670 3525 763 3579 Huius
784 3524 869 3594 igitur
888 3526 986 3594 Polybi
1005 3536 1098 3592 natus,
1116 3536 1147 3581 ut
1168 3527 1334 3595 habebatur,

186 3596 323 3665 Oedipus,
337 3594 516 3649 Orsilochum
532 3606 672 3665 patruum,
686 3595 826 3650 Orsilochi
844 3595 930 3650 filiam
947 3598 1103 3666 patruelem
1120 3597 1237 3664 habuit;
1258 3598 1335 3651 unde

176 3667 277 3736 frater
283 3667 421 3720 Medusae
429 3665 485 3719 dici
497 3666 595 3735 potuit.
623 3666 779 3736 Oedipodis
792 3676 887 3721 autem
900 3673 968 3721 uota
979 3669 1098 3721 sinistra
1107 3683 1142 3721 ea
1151 3667 1219 3722 dicit
1233 3667 1335 3736 quibus

186 3736 346 3805 inprecatus
368 3745 410 3791 est
433 3735 496 3789 filiis
519 3736 628 3791 Eteocli
651 3748 678 3791 et
699 3736 824 3806 Polynici
847 3746 877 3790 ut
898 3755 1016 3807 regnum
1035 3738 1198 3792 Thebarum
1219 3737 1335 3792 ensibus

185 3807 354 3876 partirentur
367 3807 488 3873 (Phoen.
498 3807 540 3874 68,
555 3808 614 3876 765,
628 3807 688 3876 876,
704 3808 790 3876 1053).

222 3877 306 3946 Quod
325 3876 348 3930 si
368 3877 430 3947 quis
447 3877 551 3932 obiciat
569 3895 626 3931 non
643 3878 716 3934 bene
733 3877 864 3948 coniungi
883 3888 950 3932 uota
964 3877 1112 3933 Menoecei
1129 3895 1160 3932 se
1177 3894 1228 3946 pro
1243 3877 1336 3947 patria

186 3947 362 4015 deuouentis,
385 3946 541 4016 Oedipodis
567 3948 630 4002 filiis
656 3948 836 4018 imprecantis
859 3947 1015 4016 dissidium,
1038 3948 1141 4017 scripto
1165 3947 1336 4003 Pitthides

186 4017 251 4071 huic
263 4017 332 4072 uitio
345 4017 511 4072 medebitur.
547 4020 623 4072 Nam
637 4020 764 4074 Theseus
777 4019 865 4086 Aegei
879 4029 907 4073 et
920 4019 1043 4073 Aethrae
1058 4018 1161 4074 Pitthei
1174 4018 1248 4072 filiae
1261 4018 1335 4073 filius

187 4087 335 4157 (Hyg.14)
356 4104 420 4141 cum
441 4087 467 4142 ei
489 4094 547 4142 tres
563 4091 718 4159 aptatebnes
735 4091 888 4160 Neptunus
908 4089 1032 4157 dedisset,
1055 4090 1167 4159 optauit
1186 4091 1336 4143 interitum

184 4160 341 4244 Plejipalyti
353 4159 423 4227 filii,
445 4176 511 4243 curn
532 4162 558 4212 is
576 4162 825 4245 patre‘qsuslaectus
847 4165 916 4243 esset
937 4161 971 4214 a'e
985 4176 1135 4241 κανονίαι]
1163 4176 1218 4241 qua
1239 4164 1337 4230 aptata

185 4229 1024 4370 stitttldltttthttttt{titulantur
1036 4231 1071 4353 i?
1080 4231 1201 4355 diali
1215 4231 1335 4357 deit).

185 4371 223 4425 ad
244 4372 285 4426 lb.
307 4385 366 4440 577.
404 4372 505 4440 Neque
530 4370 599 4425 illud
624 4371 811 4426 omittendum
833 4371 952 4440 uidetur,
976 4371 1118 4441 Oedipum
1137 4388 1155 4425 a
1174 4371 1336 4427 Scholiasta

185 4443 255 4496 Ven.
272 4443 304 4496 ll.
318 4442 353 4497 iv.
367 4441 418 4509 376
435 4451 546 4495 mortua
560 4443 672 4497 Iocasta
689 4459 754 4496 cum
768 4442 990 4512 Astymedusam
1005 4442 1138 4510 duxisset,
1151 4442 1222 4496 haec
1238 4452 1336 4496 autem

184 4511 329 4582 priuignos
351 4529 417 4566 suos
439 4522 584 4568 accusaret
603 4522 749 4583 tamquam
768 4530 799 4570 se
817 4521 1012 4582 temptassent,
1031 4512 1061 4566 id
1083 4512 1258 4582 inprecatum
1277 4512 1335 4567 dici
