3038 5010
651 402 877 464 EXCVRSVS.
1281 409 1337 464 177

186 557 345 626 fingebatur
363 566 397 614 et
408 557 477 611 rexl
495 557 581 611 fuisse
596 557 733 627 Pisarum,
746 569 774 613 et
792 559 868 613 idem
884 558 972 612 uitam
990 557 1073 612 simul
1090 573 1124 612 ac
1141 558 1338 620 crudelitatem

187 628 387 697 praecipitatus
400 628 428 682 in
441 629 611 696 profundum
625 629 757 683 finiuisse.
787 629 866 683 Nihil
879 645 974 682 moror
983 629 1059 698 quod
1067 629 1176 683 Annius
1190 628 1242 684 iste
1253 646 1337 698 quem

188 699 354 753 Plutarchus
368 697 464 753 scribit
481 700 517 753 ob
537 699 732 754 crudelitatem
750 699 778 753 in
797 700 883 754 filiam
902 698 1043 754 insiluisse
1060 698 1088 752 in
1102 699 1218 753 fluuium
1231 710 1259 754 et
1271 699 1338 754 huic

186 767 326 822 Anienem
344 786 448 823 nomen
467 768 612 838 indidisse,
630 787 688 823 non
709 770 781 825 Pisis
800 770 909 824 uicinus
927 769 1093 838 amiculus,
1112 771 1164 824 sed
1182 769 1273 824 maior
1291 769 1338 825 ille

186 838 261 892 Anio
273 838 363 894 suerit.
384 839 460 909 Quid
470 840 546 894 enim
556 840 680 895 crebrius
691 857 776 910 quam
789 840 865 896 idem
878 858 982 894 nomen
995 841 1032 894 ab
1043 840 1170 895 obscuris
1179 841 1217 894 ad
1226 840 1338 894 notiora

186 909 317 964 transdi?
353 911 436 964 Certe
454 910 495 964 sic
512 911 658 980 expeditur
675 911 753 981 quod
771 921 814 967 est
833 911 1036 980 difficillimum,
1049 913 1140 965 Roma
1157 911 1293 981 scriptum
1308 909 1336 966 in

180 980 323 1048 'Galeanq
336 981 407 1034 Pisa
418 980 447 1034 in
459 980 607 1051 plerisque.

223 1051 403 1120 Quamquam
416 1068 452 1105 ne
465 1051 533 1105 illud
546 1051 660 1122 quidem
672 1051 848 1106 reticendum
861 1061 912 1120 est,
927 1052 1003 1121 quod
1015 1051 1062 1105 alii
1076 1051 1195 1107 fortasse
1213 1052 1336 1121 amplec-

186 1128 288 1189 tentur,
306 1122 398 1174 Roma
417 1120 485 1175 illud
503 1121 629 1191 potuisse
649 1122 768 1177 Galeani
789 1121 911 1176 scribam
934 1122 969 1176 de
992 1138 1043 1175 suo
1065 1121 1173 1176 inferre.
1213 1124 1290 1176 Nam
1310 1123 1336 1176 G

145 1195 156 1213 ·
186 1199 306 1245 exeunte
319 1193 433 1245 saeculo
449 1191 486 1245 xii
506 1191 625 1262 scriptus
643 1203 694 1261 est,
707 1209 763 1274 quo
775 1202 903 1261 tempore
917 1192 997 1260 Milo,
1010 1192 1136 1246 notarius
1149 1209 1215 1245 mox
1227 1192 1336 1261 legatus

188 1261 283 1330 Papae
298 1261 455 1316 Innocentii
468 1264 524 1330 III,
536 1262 705 1332 Albigenses
718 1280 746 1316 m
758 1262 851 1318 Gallia
862 1262 938 1316 omni
952 1261 1046 1316 studio
1059 1262 1256 1316 insectabatur.
1281 1261 1336 1331 Qui

186 1347 251 1384 cum
264 1330 334 1385 nihil
346 1349 403 1386 non
416 1341 530 1401 paratus
542 1333 625 1388 fuerit
640 1333 669 1387 in
682 1350 731 1388 eos
744 1332 836 1391 moliri
850 1333 971 1402 (Benoit,
986 1332 1112 1387 Histoire
1125 1331 1176 1386 des
1189 1332 1335 1401 Albigeois

186 1401 219 1455 T.
234 1399 250 1455 i.
264 1419 291 1471 p.
308 1402 368 1472 145)
382 1402 483 1457 merito
499 1405 592 1458 locum
605 1414 701 1458 tenere
717 1403 807 1473 potuit
825 1402 897 1457 inter
913 1402 1025 1472 eosqui
1043 1401 1216 1457 crudelitatis
1231 1402 1336 1471 suppli·

186 1470 262 1525 cium
280 1473 357 1542 passi
377 1483 449 1527 sunt.
489 1475 554 1528 Hoc
573 1475 671 1529 uolens
691 1473 849 1543 significare
871 1473 963 1528 scriba
981 1472 1087 1527 codicis
1107 1474 1134 1527 G
1153 1472 1221 1543 quid
1239 1472 1335 1554 potius

186 1541 291 1597 laceret
310 1559 395 1613 quam
413 1553 443 1597 ut
461 1545 591 1613 Romam,
607 1546 705 1599 sedem
723 1561 823 1614 papae,
840 1543 888 1598 ubi
907 1544 978 1598 Milo
996 1545 1160 1613 plerumque
1179 1543 1335 1610 habitabat,

186 1613 263 1667 unde
276 1614 313 1667 ad
325 1614 476 1668 delendam
489 1615 619 1669 haeresin
632 1614 774 1683 profectus
787 1625 838 1683 est,
851 1631 917 1669 cum
926 1614 1041 1668 Milonis
1054 1613 1170 1668 nomine
1182 1630 1238 1667 uno
1251 1630 1335 1667 uersu

185 1682 390 1750 coniungeret?
426 1684 453 1738 N
457 1702 493 1737 on
513 1701 568 1754 quo
586 1685 658 1739 Milo
674 1685 721 1739 hic
738 1686 847 1766 legatus
866 1686 960 1754 Papae
979 1685 1007 1737 in
1027 1701 1115 1754 aquas
1133 1683 1334 1753 praecipitatus

186 1751 231 1820 sit,
245 1770 312 1806 nam
325 1753 418 1808 subito
437 1755 537 1809 morbo
556 1765 700 1825 correptus
719 1755 821 1825 penit:
847 1755 915 1810 satis
935 1765 977 1810 est
995 1754 1032 1808 ad
1050 1754 1079 1808 id
1098 1754 1174 1824 quod
1187 1753 1297 1822 agimus
1311 1754 1333 1808 si

186 1823 253 1876 odio
263 1823 412 1878 instinctus
422 1824 515 1879 scriba
522 1842 586 1880 eam
594 1836 714 1880 mortem
723 1825 789 1880 huic
799 1825 925 1880 attribuit
935 1842 990 1895 qua
998 1824 1115 1894 dignum
1126 1823 1320 1878 arbitrabatur.

221 1893 268 1947 Ad
281 1897 346 1963 351,
359 1897 388 1950 2.
408 1896 566 1966 Quaeque
586 1896 634 1950 sui
653 1913 807 1951 uenerem
826 1896 952 1950 iuncxit
972 1895 1164 1950 cumfratre
1183 1894 1303 1963 mariti,

452 1966 568 2020 Locris
587 1966 619 2020 in
638 1966 783 2021 ancillae
801 1966 1016 2021 dissimulata
1034 1982 1124 2020 nece.

223 2035 305 2089 Haec
317 2034 410 2089 minus
423 2038 572 2092 commode
585 2037 738 2106 explicabis
752 2037 787 2092 de
799 2038 910 2091 Helena
928 2053 1001 2108 quae
1013 2045 1078 2105 post
1092 2035 1201 2090 Paridis
1214 2045 1334 2089 mortem

185 2104 264 2159 fratri
284 2105 343 2160 eius
358 2105 512 2176 Deiphobo
528 2107 632 2176 nupsit,
645 2109 743 2162 Locrz's
755 2116 850 2162 autem
869 2107 929 2161 siue
948 2107 984 2160 ob
1003 2105 1151 2176 perfidiam
1171 2123 1204 2159 ac
1220 2105 1334 2160 fraudes

186 2175 328 2243 (Eustath.
343 2189 376 2243 27
380 2188 403 2245 5.
416 2192 451 2243 44
463 2182 567 2247 Λοκρῶν
579 2176 693 2245 ξύνθημα
706 2178 748 2231 ἐπὶ
760 2178 919 2244 ἀπατεώνων,
931 2176 965 2231 cf.
979 2177 1107 2246 Apostol.
1118 2196 1140 2232 x.
1154 2177 1188 2243 76
1199 2176 1333 2243 Leutsch)

185 2244 246 2300 siue
265 2246 302 2299 ob
321 2245 517 2316 inpudicitiam
536 2248 650 2316 (Athen.
666 2249 719 2317 639
731 2250 765 2317 A,
783 2249 833 2317 697
848 2248 883 2316 B)
903 2246 997 2302 uocari
1018 2246 1127 2302 meruit.
1165 2249 1241 2300 Nam
1262 2248 1334 2301 haec

185 2332 306 2385 quoque,
328 2325 400 2372 teste
423 2318 565 2386 Polyaeno
587 2318 602 2372 i.
623 2333 649 2387 9,
672 2319 739 2372 dum
763 2319 799 2372 ab
821 2320 952 2388 Aegypto
974 2335 1038 2372 cum
1065 2316 1197 2372 Menelao
1221 2317 1334 2372 rediens

186 2386 321 2440 Rhodum
341 2387 473 2457 applicat,
496 2388 552 2443 iam
574 2389 602 2442 in
624 2406 658 2443 eo
680 2399 740 2443 erat
762 2399 791 2443 ut
814 2406 832 2443 a
853 2388 973 2443 Rhodiis
995 2388 1199 2458 opprimeretur
1220 2386 1278 2456 igni
1301 2405 1334 2441 ac

184 2455 334 2526 lapidibus,
354 2457 408 2512 nisi
431 2469 544 2528 sumpta
564 2469 645 2514 uesta
666 2459 784 2514 ancillae
806 2458 1031 2529 adgrediendum
1052 2459 1111 2512 uim
1133 2458 1244 2512 ineam
1264 2475 1281 2512 a
1303 2475 1334 2512 se

185 2526 341 2582 auertisset.
379 2529 459 2597 Quae
475 2529 498 2582 si
511 2546 578 2584 uera
591 2539 633 2583 est
651 2529 799 2598 sententia,
813 2529 844 2582 in
864 2530 1005 2584 ancillae
1024 2529 1235 2583 dissimulata
1253 2545 1334 2582 nece

184 2613 236 2666 pro
249 2598 396 2666 epexegesi
411 2599 561 2653 Locridis
573 2600 682 2654 addidit
694 2599 776 2671 quasi
789 2599 894 2655 diceret
907 2599 915 2628 ‘
920 2617 992 2670 quae
1004 2617 1086 2653 ueros
1100 2616 1192 2652 mores
1207 2598 1334 2653 Locridis

184 2667 331 2734 referebat,
347 2668 526 2724 simulatione
545 2687 600 2740 qua
618 2670 737 2725 ancillae
755 2687 906 2739 personam
925 2671 953 2724 in
972 2687 1003 2724 se
1022 2669 1149 2739 sumpsit,
1169 2686 1249 2723 suam
1268 2669 1333 2723 huic

183 2738 333 2806 transtulit,
346 2749 376 2793 ut
395 2740 510 2795 mutatis
528 2739 649 2794 inuicem
665 2741 791 2795 uestibus
807 2740 908 2795 ancilla
926 2749 1088 2807 moreretur,
1105 2739 1167 2809 ipsa
1185 2738 1333 2793 incolumis

183 2807 334 2863 euaderet.¹
371 2810 455 2879 Quod
474 2810 496 2863 si
516 2811 560 2864 cui
580 2811 675 2865 durius
695 2811 842 2878 uidebitur,
861 2810 965 2864 scribat
986 2809 1103 2877 Latris,
1122 2809 1198 2878 quod
1219 2809 1333 2879 Phillip-

184 2877 240 2947 pici
265 2879 372 2933 scholio
394 2881 511 2936 subesse
533 2881 671 2950 existimo,
693 2883 799 2936 ancilla
819 2882 957 2951 siquidem
978 2881 1061 2934 locrus
1083 2880 1112 2949 (l.
1134 2878 1230 2947 latn's)
1253 2896 1333 2934 uoca-

183 2949 274 3004 batur.
314 2951 438 3019 Hesych.
451 2952 541 3020 λάτρις
557 2952 704 3021 θεροπαὶνη,
716 2952 838 3020 παιδίσκη
851 2953 1022 3020 ὑπηρετοῦσα,
1035 2948 1050 3018 ἢ
1063 2948 1150 3016 δούλη.
1190 2951 1266 3002 Nam
1278 2950 1332 3003 hoc

183 3019 271 3072 uerbo
293 3030 368 3075 recte
391 3023 504 3076 Helena
525 3031 670 3094 tamquam
693 3025 913 3093 Therapnaea
934 3022 978 3090 (A.
999 3020 1034 3075 A.
1053 3020 1091 3073 iii.
1112 3020 1158 3089 49)
1180 3019 1332 3086 significari

183 3089 292 3158 potuit:
312 3101 354 3145 est
373 3091 450 3145 enim
462 3092 574 3160 θεράπνη
592 3093 745 3162 θεραπαινίς,
759 3093 838 3160 δούλη
855 3091 1004 3176 (Hesych.)
1019 3099 1047 3145 et
1063 3091 1181 3159 θεράπνη
1195 3089 1274 3156 ὄνομα
1286 3091 1333 3156 μὲν

182 3160 219 3231 τῷ
237 3160 324 3233 χωρίῳ
341 3161 456 3232 γέγονεν,
469 3164 602 3216 Μενελάου
620 3163 650 3216 δέ
667 3164 740 3216 ἐστιν
758 3164 786 3217 ἐν
803 3165 865 3232 αὔτη
885 3165 952 3229 ναός,
966 3163 1006 3215 καὶ
1019 3159 1151 3215 Μενέλαον
1169 3161 1210 3214 καὶ
1225 3158 1334 3228 Ἑλένην

181 3229 291 3284 ἐνταῦθα
309 3233 421 3301 ταφῆναι
439 3232 549 3303 λέγουσι
568 3233 661 3298 (Paus.
681 3233 717 3288 iii.
735 3249 774 3304 19.
787 3233 826 3304 9).
865 3235 964 3304 Itaque
982 3234 1082 3286 Latris
1100 3231 1116 3286 i.
1126 3248 1151 3301 q.
1176 3230 1333 3302 Therapnas

182 3301 210 3355 h.
223 3317 247 3355 e.
269 3300 307 3370 (1)
328 3304 440 3357 Helena
458 3319 526 3356 rure
548 3304 727 3374 Therapnaeo
745 3311 815 3358 uata
835 3304 917 3372 (Her.
929 3303 982 3359 xvi.
1000 3302 1069 3372 196),
1083 3301 1122 3370 (2)
1142 3301 1252 3370 ancilla,
1272 3302 1332 3356 siue

182 3387 255 3440 quae
268 3372 387 3427 ancillae
400 3382 494 3428 uestes
512 3375 630 3444 sumpsit
648 3385 676 3429 et
693 3375 734 3428 sic
751 3385 870 3429 mortem
888 3374 993 3442 effugit.
1031 3372 1107 3443 Quid
1120 3374 1196 3442 quod
1209 3389 1226 3426 a
1239 3373 1331 3426 Theo-

182 3441 264 3497 decte
274 3442 381 3511 tragico
391 3445 446 3498 hoc
456 3444 548 3513 ipsum
557 3446 646 3514 λάτρις
656 3445 810 3499 deHelena
820 3455 984 3515 usurpatum
995 3453 1037 3499 est
1048 3461 1092 3513 ap.
1101 3443 1216 3497 Aristot.
1227 3443 1332 3496 Pol.i.6

182 3512 263 3565 Θείων
276 3510 298 3565 δ’
311 3511 353 3567 ἀπ’
365 3513 464 3583 ἀμφοῖν
476 3515 580 3583 ἔκγονον
593 3514 749 3584 ριζωμάτων,
762 3517 805 3570 Τίς
818 3515 848 3568 ἃν
859 3517 1010 3583 προσειπεῖν
1022 3514 1156 3580 ἀξιώσειεν
1168 3515 1278 3581 λάτριν
1291 3533 1298 3578 ;

219 3583 281 3637 Iam
294 3583 367 3638 inter
379 3584 521 3639 adulteras
534 3586 610 3639 nulla
625 3586 737 3641 Helena
748 3585 891 3654 famosior,
905 3602 977 3655 quae
990 3601 1047 3638 non
1061 3584 1152 3637 solum
1167 3584 1330 3638 Menelaum

182 3652 332 3722 reliquerit,
343 3654 437 3708 Paridi
450 3656 584 3725 nupserit,
594 3657 645 3710 sed
658 3673 694 3710 ne
707 3657 760 3710 hoc
774 3656 888 3726 quidem
902 3665 1035 3709 contenta
1046 3653 1206 3723 Deiphobo,
1221 3653 1330 3706 Paridis

181 3723 267 3792 fratri,
275 3734 340 3794 post
352 3725 435 3779 huius
448 3736 568 3780 mortem
581 3726 711 3793 cesserit3
732 3726 914 3796 Deiphobum
924 3725 1046 3795 denique
1059 3723 1186 3778 immisso
1198 3724 1330 3778 Menelao

181 3793 315 3849 occiderit
330 3794 411 3862 (Aen.
425 3795 462 3850 vi.
477 3797 616 3865 511-530).

216 3865 263 3918 Ad
280 3868 348 3920 418.
373 3865 504 3936 Quique
528 3876 621 3921 tenet
643 3877 786 3936 pontem,
812 3867 867 3948 qui
892 3866 954 3920 tibi
979 3865 1084 3919 maior
1108 3865 1181 3919 erit.
1227 3864 1274 3919 Sic
1300 3874 1329 3918 ut

182 3934 289 3989 scribas
303 3945 330 3991 et
344 3937 380 3990 de
393 3936 508 3991 sendrus
528 3936 668 4006 intelligas
686 3939 847 4008 depontatrs
865 3938 985 3992 suadent
999 3953 1071 4006 quae
1085 3934 1230 4005 Philippus
1245 3937 1330 3988 Bero-

180 4006 270 4074 aldus,
292 4023 349 4059 non
373 4007 408 4062 de
430 4008 485 4061 hoc
505 4025 587 4062 uersu
609 4008 759 4077 disserens,
778 4007 870 4062 attulit
893 4008 921 4061 in
942 4009 1062 4062 Centum
1081 4005 1330 4072 Annotationibus,

180 4075 226 4130 fol.
241 4085 272 4143 3³
285 4078 412 4132 Macrob.
428 4079 486 4131 Sat.
501 4077 516 4131 i.
533 4091 555 4146 5.
573 4094 605 4130 10
621 4080 777 4148 Tamquam
790 4077 1030 4147 sexagenarios
1046 4077 1191 4130 maiores
1204 4078 1237 4130 de
1244 4081 1331 4145 poure

179 4147 300 4200 deicias?
318 4148 345 4202 h.
355 4164 379 4202 e.
393 4147 514 4202 maiores
528 4148 609 4202 annis
623 4149 778 4218 sexaginta.
806 4151 897 4203 Varro
912 4146 1060 4216 Sexagessi
1074 4164 1120 4216 ap.
1134 4149 1209 4200 Non.
1224 4161 1283 4212 214,
1297 4147 1327 4198 fr.

180 4215 245 4270 xviii
256 4217 351 4285 Riese,
361 4219 562 4272 Accusamus
571 4224 605 4273 ut
612 4220 855 4289 depouture(-mur
863 4220 926 4274 add.
939 4216 1048 4286 Iunius)
1059 4233 1193 4270 murmur
1192 4218 1233 4286 fit
1236 4217 1328 4284 ferus,

210 4427 225 4456 Ι
242 4424 305 4471 Tota
315 4424 390 4471 fabula
402 4425 493 4471 uidetur
507 4425 535 4470 ad
549 4432 640 4484 tempus
655 4425 773 4471 referenda
790 4439 836 4484 quo
851 4423 919 4470 Tusci
930 4424 1058 4484 piraticam
1070 4420 1202 4468 exercebant
1214 4418 1288 4479 (Seru.
1301 4417 1329 4462 ad

178 4491 238 4537 Aen.
252 4506 275 4537 x.
290 4490 367 4552 184);
384 4505 482 4550 quorum
494 4491 616 4537 crudelitas
631 4491 804 4549 Tyrrhenorum
816 4503 900 4535 nomen
913 4489 942 4533 ad
954 4494 1065 4546 tyrannos
1076 4486 1175 4532 deflexit.

742 4570 767 4617 N
