3038 5010
544 1041 968 1128 EXCVRSVS.

215 1305 262 1360 Ad
277 1303 317 1359 Ib.
331 1305 380 1359 99.
400 1300 561 1374 Quisquis
580 1303 660 1359 ades
679 1302 796 1372 sacris,
814 1300 971 1372 lugubria
989 1298 1094 1355 dicite
1112 1293 1223 1356 uerba.

217 1375 332 1456 Optime
348 1375 420 1429 haec
439 1374 612 1429 illustrantur
629 1373 663 1429 iis
683 1391 756 1445 quae
775 1375 811 1429 de
825 1373 989 1428 Lindiorum
1004 1371 1092 1425 sacris
1109 1370 1194 1425 tradit
1208 1374 1328 1428 Lactan-

180 1446 235 1502 tius
248 1464 264 1501 1.
279 1461 310 1499 21
328 1447 395 1499 Non
413 1445 526 1514 εὐφημίᾳ
543 1446 594 1500 red
609 1446 764 1499 maledictis
782 1451 809 1499 et
826 1446 1012 1498 exsecratione
1029 1442 1210 1511 celebrantur,
1224 1461 1328 1514 eaque

180 1534 240 1587 pro
252 1515 391 1571 uiolatis
403 1516 541 1584 habent,
553 1516 580 1570 si
598 1516 731 1587 quando
744 1516 831 1570 inter
848 1516 1032 1569 sollemnes
1045 1512 1131 1568 ritus
1144 1514 1197 1567 uel
1209 1513 1328 1584 impru-

181 1587 275 1643 denti
288 1586 389 1642 alicui
402 1586 565 1641 exciderit
578 1588 699 1640 bonum
712 1587 858 1642 uerbum.
1109 1652 1111 1656 ἱ

215 1658 262 1712 Ad
274 1661 345 1713 28‘1.
363 1658 427 1712 Aut
445 1657 537 1712 uelut
555 1656 767 1726 †Eurylochi,
786 1655 841 1726 qui
860 1664 1029 1725 sceptrum
1048 1652 1138 1723 cepit
1156 1654 1197 1710 ab
1217 1653 1286 1725 illo,

400 1727 474 1782 Sint
493 1737 584 1782 artus
603 1727 713 1781 auidis
732 1727 900 1797 anguibus
918 1743 997 1780 esca
1014 1725 1070 1779 tui.

182 1796 303 1853 Codices
326 1799 496 1852 Ean'locum
519 1800 594 1852 hunc
618 1798 745 1868 plerique
768 1796 924 1865 nominant,
948 1813 1021 1850 unus
1045 1794 1218 1850 Turonensis
1242 1796 1329 1852 habet

186 1870 293 1923 Yriom'.
331 1869 483 1939 Εὐρυλόχου
501 1872 547 1922 τοῦ
566 1871 708 1923 θεσσαλοῦ
726 1867 899 1923 mentionem
915 1867 983 1922 iecit
1003 1867 1106 1921 Strabo
1122 1868 1174 1933 418
1193 1866 1240 1921 ubi
1260 1867 1329 1924 dicit

180 1956 246 1993 eum
259 1939 322 1992 κατὰ
334 1940 379 1992 τὸν
389 1941 515 2008 Κρισαῖον
525 1941 642 2009 πόλεμον
653 1939 749 2006 fuisse,
760 1939 861 1993 iterum
873 1953 923 2005 421
938 1938 1001 2005 μετὰ
1017 1938 1062 1991 τὸν
1075 1940 1201 2006 Κρισαῖον
1213 1941 1329 2005 πόλεμον

181 2011 205 2062 oi
214 2008 399 2094 Ἀμφικτύονες
411 2010 514 2064 ἱππικὸν
523 2011 563 2063 καὶ
575 2011 696 2080 γυμνικὸν
707 2010 812 2079 (ἀγῶνα)
823 2009 864 2063 ἐπ’
874 2009 1026 2078 Εὐρυλόχου
1039 2007 1158 2075 διέταξαν
1170 2008 1330 2076 στεφανίτην

181 2081 223 2133 καὶ
232 2080 317 2133 Πνθια
328 2079 464 2135 ἐκάλεσαν.
484 2079 621 2135 Eiusdem
629 2080 757 2134 meminit
771 2080 866 2135 Schol.
876 2079 955 2133 Pind.
967 2078 1047 2148 Pyth.
1058 2096 1085 2148 p.
1094 2080 1145 2148 298
1154 2078 1270 2133 Boeckh
1280 2078 1328 2133 ubi

181 2150 303 2204 citantur
315 2161 371 2205 tres
386 2150 542 2205 hexametri
555 2150 754 2221 Euphorionis,
768 2149 869 2219 quibus
882 2152 1023 2219 ὁπλότεροι
1035 2146 1153 2218 Ἀχιλεὺς
1170 2148 1261 2203 dictus
1277 2160 1328 2204 est.

183 2221 227 2274 Ibi
245 2220 405 2276 Meinekius
419 2221 512 2289 (Anal.
525 2223 603 2276 Alex.
617 2238 645 2291 p.
658 2222 703 2292 95)
719 2221 842 2276 ‘Crisaei
860 2237 947 2290 quum
963 2219 1092 2274 iniustius
1108 2218 1256 2289 uectigalia
1273 2220 1329 2274 exi·

182 2301 280 2360 gerent
298 2291 335 2345 ab
352 2291 394 2360 iis,
408 2291 455 2361 qui
473 2294 616 2346 oraculum
635 2291 788 2347 consulturi
804 2293 933 2361 Delphos
950 2290 1200 2360 proficiscerentur,
1213 2291 1329 2346 tandem

183 2363 360 2430 Eurylochus
383 2363 531 2416 Larisaeus
552 2363 652 2427 extitit,
673 2363 720 2433 qui
745 2380 842 2417 eorum
867 2361 1055 2416 temeritatem
1079 2361 1276 2431 comprimeret
1301 2371 1330 2417 et

182 2432 330 2487 debellatis
344 2432 474 2501 CrisaeiS,
490 2434 575 2502 longo
594 2443 721 2503 tempore
740 2432 930 2489 intermissam
948 2431 1113 2501 Pythlorum
1132 2431 1330 2486 solennitatem

182 2501 350 2558 instauraret
369 2504 482 2573 Olymp.
501 2503 583 2558 xlvii!
627 2504 739 2558 Eodem
761 2505 844 2559 refert
864 2502 998 2572 Polyaeni
1020 2502 1210 2557 narrationem
1231 2502 1267 2557 vi.
1290 2518 1332 2572 13,

182 2573 229 2627 ubi
255 2573 357 2628 dicitur
380 2574 557 2642 Eurylochus
582 2574 836 2644 Amphictyonibus
864 2572 987 2628 suasisse
1014 2582 1044 2627 ut
1072 2589 1176 2643 aquam
1203 2589 1276 2642 quae
1300 2573 1331 2627 in

184 2643 362 2698 Crisaeomm
378 2646 477 2699 urbem
494 2645 622 2699 cuniculo
639 2645 766 2700 influeret
783 2646 927 2699 helleboro
940 2653 1167 2712 corrumperent:
1187 2660 1243 2713 quo
1255 2644 1330 2698 sacto

182 2715 281 2768 urbem
302 2715 420 2785 cepisse.
465 2716 522 2771 Sed
543 2715 590 2770 hic
611 2733 676 2770 cum
699 2717 744 2771 Ol.
765 2715 830 2769 xlvii
856 2714 963 2782 uixerit,
987 2730 1041 2767 nec
1063 2713 1212 2784 quisquam
1236 2715 1330 2768 tradat

182 2784 321 2854 anguibus
334 2796 533 2856 consumptum
545 2786 640 2855 fuisse,
652 2804 710 2841 non
723 2796 816 2856 potest
829 2786 852 2840 is
866 2802 929 2840 esse
942 2785 977 2838 de
990 2800 1046 2854 quo
1059 2783 1128 2838 dixit
1142 2783 1269 2838 Ouidius.

219 2858 321 2925 Neque
337 2873 405 2910 uero
422 2857 459 2910 ad
472 2857 651 2912 Thessaliam
667 2857 788 2927 pertinet
805 2857 828 2911 is
845 2856 1021 2925 Eurylochus
1039 2854 1085 2924 qui
1100 2854 1228 2923 Cychrea
1246 2854 1330 2909 inter·

181 2925 317 2981 sectorem
337 2927 433 2996 (Diod.
453 2926 489 2981 iv.
507 2941 549 2996 72,
568 2930 658 2983 Tzetz.
677 2928 715 2983 ad
734 2928 859 2996 Lycoph.
881 2925 950 2995 110),
967 2925 1012 2979 vel
1030 2925 1206 2994 expulsorem
1225 2924 1330 2992 (Strab.

182 2995 246 3065 393)
273 2997 404 3052 draconis
429 2997 584 3066 Salaminii,
610 2997 670 3068 ipse
698 3008 762 3068 post
790 2996 895 3067 expulit
923 3005 951 3050 et
979 2995 1007 3048 in
1034 3012 1152 3063 regnum
1179 2994 1330 3049 Salaminis

182 3078 312 3136 receptus
336 3078 387 3123 est.
435 3069 615 3138 Quamquam
639 3069 701 3123 aliis
725 3068 854 3137 testibus,
874 3068 1019 3137 Stephano
1041 3068 1105 3134 Byz.
1128 3065 1330 3134 ε.11.Σαλαμίι,

182 3139 313 3192 Eustath.
336 3139 373 3193 ad
399 3139 517 3208 Dionys.
542 3138 649 3208 Perieg.
674 3152 732 3208 512,
759 3139 902 3208 Cychreus
926 3137 972 3191 hic
997 3136 1058 3206 ipse
1082 3145 1196 3205 propter
1220 3153 1331 3189 morum

183 3208 365 3277 asperitatem
382 3205 466 3278 ὀφιι
489 3210 705 3278 cognominatus
730 3210 766 3264 ab
792 3209 953 3278 Eurylocho
980 3208 1077 3277 pulsus
1103 3204 1246 3260 Salamine
1270 3206 1329 3260 suit.

184 3280 286 3348 Neque
299 3280 452 3334 absurdum
468 3280 515 3349 qui
532 3280 600 3335 talia
616 3280 738 3348 fecisset,
751 3296 816 3336 eum
833 3279 972 3350 anguibus
989 3278 1156 3333 deuoratum
1172 3276 1332 3332 memorari.

182 3349 257 3404 Vide
271 3350 359 3404 Mein.
370 3351 453 3404 Anal.
466 3351 544 3404 Alex
558 3367 585 3420 p.
600 3362 641 3419 52.

220 3422 354 3489 Superest
363 3431 397 3475 ut
409 3438 503 3475 meam
516 3421 686 3476 sententiam
699 3422 735 3476 de
747 3438 830 3476 uersu
846 3420 955 3474 firmem
972 3417 1153 3488 argumentis.
1191 3419 1268 3472 Nam
1283 3417 1331 3488 qui

183 3490 304 3560 Triopas
321 3502 364 3546 est
378 3490 494 3561 Hygino
508 3493 537 3546 P.
551 3493 586 3545 A.
603 3507 624 3547 1.
641 3507 680 3561 14,
694 3492 717 3546 is
734 3492 820 3546 modo
837 3501 920 3545 natus
934 3489 1030 3560 (Diod.
1044 3489 1079 3544 iv.
1095 3488 1139 3557 58)
1153 3488 1239 3542 modo
1252 3498 1333 3558 pater

184 3561 285 3629 (Hom.
307 3563 344 3616 H.
364 3561 393 3616 ii.
411 3577 472 3629 211,
496 3563 571 3631 Hyg.
592 3565 621 3618 P.
641 3565 676 3617 A.
699 3562 741 3631 14)
761 3561 863 3616 dicitur
884 3559 1062 3628 Phorbantis,
1081 3576 1166 3629 quern
1187 3558 1292 3612 Rhodii
1314 3576 1334 3614 a

183 3631 333 3686 Thessalia
341 3631 547 3687 arcessiuerunt
557 3642 587 3687 ut
597 3650 703 3702 angues
713 3632 863 3703 perimeret
875 3630 971 3698 (Diod.
982 3649 1008 3685 v.
1021 3631 1074 3699 58).
1100 3631 1185 3683 Hunc
1200 3629 1332 3699 Hyginus

183 3712 279 3757 narrat
297 3712 325 3757 et
344 3702 352 3756 i
374 3720 445 3771 sum,
459 3703 531 3757 sicut
544 3703 687 3773 Triopam,
701 3720 718 3758 a
736 3703 877 3757 nonnullis
896 3719 947 3772 pro
961 3701 1112 3771 Ophiucho
1127 3699 1256 3754 habitum
1268 3718 1332 3755 esse

185 3773 227 3842 (P.
241 3774 273 3826 A.
289 3772 306 3827 i.
322 3720 373 3841 mi).
409 3773 496 3843 Atqui
515 3775 650 3842 Phorbas,
665 3774 802 3844 Lapithae
815 3783 843 3828 et
857 3773 1022 3828 Orsinomes
1039 3771 1120 3840 filius,
1132 3788 1222 3841 nepos
1236 3772 1332 3843 Eury-

184 3845 264 3897 nomi
280 3841 330 3898 fuit
350 3843 448 3912 (Diod.
465 3844 500 3898 iv.
514 3843 568 3913 69).
607 3847 706 3914 ltaque
726 3847 905 3913 Eurynomus
924 3860 994 3899 auus
1014 3841 1192 3911 Phorbantis,
1210 3859 1333 3911 proauus

184 3914 325 3983 Triopae:
347 3914 422 3968 unde
439 3931 496 3968 non
513 3914 608 3982 inepte
621 3915 745 3970 conicias
758 3925 806 3969 aut
823 3915 860 3969 ad
875 3916 950 3969 hunc
963 3914 1093 3968 tralatam
1109 3911 1196 3967 fuisse
1207 3913 1333 3967 fabulam

185 3985 221 4039 de
234 3984 381 4054 anguibus,
394 3995 443 4039 aut
462 3985 554 4055 ipsum
567 3986 702 4055 Triopam
720 3985 830 4056 proaui·
837 3985 952 4039 nomine
969 4002 987 4039 a
1002 3983 1144 4037 nonnullis
1160 3984 1332 4053 appellatum

148 4116 155 4129 ¹
184 4055 279 4109 fuisse.
317 4057 394 4109 Nam
410 4072 468 4109 non
486 4056 602 4110 deerant
618 4057 665 4126 qui
679 4058 873 4126 Eurynomum
890 4055 998 4110 socium
1014 4055 1139 4109 facerent
1154 4053 1332 4122 Phorbantis,

184 4142 242 4179 non
261 4125 449 4196 propinquum
463 4124 568 4193 (Schol.
581 4129 653 4183 Ven.
668 4129 755 4181 Hom.
769 4128 801 4181 ll.
815 4127 888 4181 xviii.
902 4126 977 4195 483).
1013 4126 1095 4180 Certe
1112 4141 1169 4179 non
1182 4126 1302 4178 multum
1315 4141 1333 4179 a

184 4196 323 4266 scriptura
335 4198 360 4250 T
378 4197 480 4250 Vrioni
490 4199 544 4250 hoc
556 4214 660 4252 nomen
673 4199 836 4267 Eurynomi
845 4197 941 4253 distat.

221 4267 268 4321 Ad
286 4270 355 4335 293,
367 4270 396 4322 4.
420 4266 450 4322 Si
469 4285 519 4337 per
537 4267 649 4322 codices
667 4268 759 4337 liceat,
775 4269 848 4323 bene
866 4268 901 4322 de
921 4269 1013 4335 Eryce
1031 4263 1230 4334 interpreteris,
1247 4279 1331 4332 quern

187 4338 326 4392 Hercules
338 4339 394 4407 τρὶς
404 4341 598 4419 περιγενόμενος
612 4341 675 4392 κατὰ
691 4339 738 4406 τὴν
748 4340 834 4406 πάλην
848 4338 989 4408 (Apollod.
1003 4337 1030 4392 ii.
1046 4349 1069 4405 5.
1086 4335 1127 4404 11)
1141 4333 1244 4388 occidit
1257 4343 1285 4387 et
1298 4351 1332 4387 ex

186 4409 245 4462 alto
260 4407 456 4480 praecipitauit
469 4407 568 4476 (Tzetz.
583 4409 620 4463 ad
636 4410 702 4478 Lyc.
716 4409 788 4476 866).
826 4410 864 4464 Et
880 4408 989 4463 uictus
1006 4407 1120 4477 quidem
1136 4405 1271 4484 scripturn
1288 4412 1332 4458 est

187 4477 215 4533 in
228 4481 261 4535 T.
300 4479 357 4535 Sed
375 4497 432 4536 non
451 4480 570 4536 multum
587 4479 721 4551 praesidii
739 4479 857 4536 habebis
873 4497 908 4535 ex
923 4477 1100 4548 scripturaG
1116 4473 1333 4541 ethreclldes,
