<?xml version="1.0" encoding="UTF-8"?>
<!DOCTYPE html PUBLIC "-//W3C//DTD XHTML 1.0 Transitional//EN"
    "http://www.w3.org/TR/xhtml1/DTD/xhtml1-transitional.dtd">
<html xmlns="http://www.w3.org/1999/xhtml" xml:lang="en" lang="en">
 <head>
  <title>
</title>
<meta http-equiv="Content-Type" content="text/html;charset=utf-8" />
  <meta name='ocr-system' content='tesseract 3.04.00' />
  <meta name='ocr-capabilities' content='ocr_page ocr_carea ocr_par ocr_line ocrx_word'/>
</head>
<body>
  <div class='ocr_page' id='page_1' title='image "./povidiinasonisi00elligoog_0109.png"; bbox 0 0 3038 5010; ppageno 0'>
   <div class='ocr_carea' id='block_1_1' title="bbox 212 378 885 442">
    <p class='ocr_par' dir='ltr' id='par_1_1' title="bbox 212 378 885 442">
     <span class='ocr_line' id='line_1_1' title="bbox 212 378 885 442; baseline -0.009 0"><span class='ocrx_word' id='word_1_1' title='bbox 212 389 250 442; x_wconf 89' lang='grc'>44</span> <span class='ocrx_word' id='word_1_2' title='bbox 696 378 885 438; x_wconf 82' lang='lat' dir='ltr'><strong>SCHOLIA&#39;</strong></span> 
     </span>
    </p>
   </div>
   <div class='ocr_carea' id='block_1_2' title="bbox 213 533 1363 1668">
    <p class='ocr_par' dir='ltr' id='par_1_2' title="bbox 213 533 1363 1668">
     <span class='ocr_line' id='line_1_2' title="bbox 213 533 1362 610; baseline -0.004 -13"><span class='ocrx_word' id='word_1_3' title='bbox 213 538 306 597; x_wconf 91' lang='lat' dir='ltr'>Publii</span> <span class='ocrx_word' id='word_1_4' title='bbox 320 536 449 595; x_wconf 86' lang='lat' dir='ltr'>Nasonis</span> <span class='ocrx_word' id='word_1_5' title='bbox 465 535 563 595; x_wconf 93' lang='lat' dir='ltr'>Ouidii</span> <span class='ocrx_word' id='word_1_6' title='bbox 582 536 652 594; x_wconf 92' lang='lat' dir='ltr'>liber</span> <span class='ocrx_word' id='word_1_7' title='bbox 665 537 865 595; x_wconf 90' lang='lat' dir='ltr'>inuectionum</span> <span class='ocrx_word' id='word_1_8' title='bbox 884 537 914 593; x_wconf 91' lang='lat' dir='ltr'>in</span> <span class='ocrx_word' id='word_1_9' title='bbox 931 535 995 593; x_wconf 88' lang='lat' dir='ltr'><strong>Ibin</strong></span> <span class='ocrx_word' id='word_1_10' title='bbox 1015 535 1124 610; x_wconf 86' lang='lat' dir='ltr'>incipit.</span> <span class='ocrx_word' id='word_1_11' title='bbox 1167 533 1238 593; x_wconf 91' lang='lat' dir='ltr'>Non</span> <span class='ocrx_word' id='word_1_12' title='bbox 1258 533 1362 593; x_wconf 91' lang='lat' dir='ltr'>dicitur</span> 
     </span>
     <span class='ocr_line' id='line_1_3' title="bbox 213 615 1361 697; baseline -0.006 -19"><span class='ocrx_word' id='word_1_13' title='bbox 213 623 331 697; x_wconf 82' lang='lat' dir='ltr'>primuS,</span> <span class='ocrx_word' id='word_1_14' title='bbox 347 619 415 694; x_wconf 81' lang='lat' dir='ltr'>quia</span> <span class='ocrx_word' id='word_1_15' title='bbox 434 637 494 675; x_wconf 94' lang='lat' dir='ltr'>non</span> <span class='ocrx_word' id='word_1_16' title='bbox 515 618 643 693; x_wconf 88' lang='lat' dir='ltr'>sequitur</span> <span class='ocrx_word' id='word_1_17' title='bbox 657 619 811 688; x_wconf 88' lang='lat' dir='ltr'>secundus,</span> <span class='ocrx_word' id='word_1_18' title='bbox 827 635 887 675; x_wconf 93' lang='lat' dir='ltr'>non</span> <span class='ocrx_word' id='word_1_19' title='bbox 903 628 947 674; x_wconf 92' lang='lat' dir='ltr'>est</span> <span class='ocrx_word' id='word_1_20' title='bbox 961 618 1039 674; x_wconf 91' lang='lat' dir='ltr'>enim</span> <span class='ocrx_word' id='word_1_21' title='bbox 1059 617 1114 674; x_wconf 90' lang='lat' dir='ltr'>nisi</span> <span class='ocrx_word' id='word_1_22' title='bbox 1132 634 1216 674; x_wconf 80' lang='lat' dir='ltr'>unus</span> <span class='ocrx_word' id='word_1_23' title='bbox 1260 615 1361 674; x_wconf 90' lang='lat' dir='ltr'>Scien-</span> 
     </span>
     <span class='ocr_line' id='line_1_4' title="bbox 214 697 1361 774; baseline -0.004 -15"><span class='ocrx_word' id='word_1_24' title='bbox 214 702 284 759; x_wconf 87' lang='lat' dir='ltr'>dum</span> <span class='ocrx_word' id='word_1_25' title='bbox 299 711 396 758; x_wconf 91' lang='lat' dir='ltr'>tamen</span> <span class='ocrx_word' id='word_1_26' title='bbox 411 699 548 774; x_wconf 90' lang='lat' dir='ltr'>estquod</span> <span class='ocrx_word' id='word_1_27' title='bbox 564 699 687 757; x_wconf 88' lang='lat' dir='ltr'>Ouidius</span> <span class='ocrx_word' id='word_1_28' title='bbox 702 717 810 757; x_wconf 89' lang='lat' dir='ltr'>nomen</span> <span class='ocrx_word' id='word_1_29' title='bbox 828 699 918 756; x_wconf 93' lang='lat' dir='ltr'>inuidi</span> <span class='ocrx_word' id='word_1_30' title='bbox 937 699 980 756; x_wconf 93' lang='lat' dir='ltr'>sui</span> <span class='ocrx_word' id='word_1_31' title='bbox 997 700 1095 757; x_wconf 90' lang='lat' dir='ltr'>reticet</span> <span class='ocrx_word' id='word_1_32' title='bbox 1110 699 1184 755; x_wconf 91' lang='lat' dir='ltr'>utin</span> <span class='ocrx_word' id='word_1_33' title='bbox 1200 697 1309 755; x_wconf 89' lang='lat' dir='ltr'>Ouidio</span> <span class='ocrx_word' id='word_1_34' title='bbox 1324 697 1361 755; x_wconf 93' lang='lat' dir='ltr'>de</span> 
     </span>
     <span class='ocr_line' id='line_1_5' title="bbox 213 777 1362 854; baseline -0.005 -14"><span class='ocrx_word' id='word_1_35' title='bbox 213 783 310 840; x_wconf 92' lang='lat' dir='ltr'>Ponto</span> <span class='ocrx_word' id='word_1_36' title='bbox 325 783 363 839; x_wconf 90' lang='lat' dir='ltr'>ait</span> <span class='ocrx_word' id='word_1_37' title='bbox 378 780 521 838; x_wconf 88' lang='lat' dir='ltr'>Nomine</span> <span class='ocrx_word' id='word_1_38' title='bbox 540 798 606 838; x_wconf 90' lang='lat' dir='ltr'>non</span> <span class='ocrx_word' id='word_1_39' title='bbox 624 791 696 838; x_wconf 89' lang='lat' dir='ltr'>utar</span> <span class='ocrx_word' id='word_1_40' title='bbox 717 798 757 838; x_wconf 91' lang='lat' dir='ltr'>ne</span> <span class='ocrx_word' id='word_1_41' title='bbox 778 779 1011 838; x_wconf 88' lang='lat' dir='ltr'>commendere</span> <span class='ocrx_word' id='word_1_42' title='bbox 1032 778 1190 854; x_wconf 83' lang='lat' dir='ltr'>querella,</span> <span class='ocrx_word' id='word_1_43' title='bbox 1209 791 1262 837; x_wconf 90' lang='lat' dir='ltr'>etc.</span> <span class='ocrx_word' id='word_1_44' title='bbox 1306 777 1362 834; x_wconf 89' lang='lat' dir='ltr'>Per</span> 
     </span>
     <span class='ocr_line' id='line_1_6' title="bbox 215 859 1361 931; baseline -0.004 -10"><span class='ocrx_word' id='word_1_45' title='bbox 215 863 431 921; x_wconf 90' lang='lat' dir='ltr'>similitudinem</span> <span class='ocrx_word' id='word_1_46' title='bbox 450 872 548 919; x_wconf 91' lang='lat' dir='ltr'>tamen</span> <span class='ocrx_word' id='word_1_47' title='bbox 567 863 627 918; x_wconf 90' lang='lat' dir='ltr'>ibin</span> <span class='ocrx_word' id='word_1_48' title='bbox 648 879 714 919; x_wconf 91' lang='lat' dir='ltr'>eum</span> <span class='ocrx_word' id='word_1_49' title='bbox 734 863 875 931; x_wconf 89' lang='lat' dir='ltr'>nominat,</span> <span class='ocrx_word' id='word_1_50' title='bbox 891 873 919 918; x_wconf 95' lang='lat' dir='ltr'>et</span> <span class='ocrx_word' id='word_1_51' title='bbox 934 861 1054 919; x_wconf 90' lang='lat' dir='ltr'>merito:</span> <span class='ocrx_word' id='word_1_52' title='bbox 1077 862 1132 918; x_wconf 91' lang='lat' dir='ltr'>ibis</span> <span class='ocrx_word' id='word_1_53' title='bbox 1147 860 1225 917; x_wconf 88' lang='lat' dir='ltr'>enim</span> <span class='ocrx_word' id='word_1_54' title='bbox 1241 869 1285 917; x_wconf 91' lang='lat' dir='ltr'>est</span> <span class='ocrx_word' id='word_1_55' title='bbox 1299 859 1361 916; x_wconf 91' lang='lat' dir='ltr'>auis</span> 
     </span>
     <span class='ocr_line' id='line_1_7' title="bbox 214 940 1361 1018; baseline -0.005 -16"><span class='ocrx_word' id='word_1_56' title='bbox 214 954 308 1002; x_wconf 93' lang='lat' dir='ltr'>rostro</span> <span class='ocrx_word' id='word_1_57' title='bbox 326 944 416 1001; x_wconf 94' lang='lat' dir='ltr'>rubeo</span> <span class='ocrx_word' id='word_1_58' title='bbox 431 942 524 1000; x_wconf 88' lang='lat' dir='ltr'>cauda</span> <span class='ocrx_word' id='word_1_59' title='bbox 544 944 626 1018; x_wconf 91' lang='lat' dir='ltr'>nigra</span> <span class='ocrx_word' id='word_1_60' title='bbox 646 953 743 1002; x_wconf 90' lang='lat' dir='ltr'>cetero</span> <span class='ocrx_word' id='word_1_61' title='bbox 757 960 880 1018; x_wconf 90' lang='lat' dir='ltr'>corpore</span> <span class='ocrx_word' id='word_1_62' title='bbox 896 942 970 1000; x_wconf 89' lang='lat' dir='ltr'>albo.</span> <span class='ocrx_word' id='word_1_63' title='bbox 1015 943 1070 999; x_wconf 92' lang='lat' dir='ltr'>Per</span> <span class='ocrx_word' id='word_1_64' title='bbox 1088 941 1257 1009; x_wconf 83' lang='lat' dir='ltr'>rubedinem</span> <span class='ocrx_word' id='word_1_65' title='bbox 1277 940 1361 997; x_wconf 90' lang='lat' dir='ltr'>rostri</span> 
     </span>
     <span class='ocr_line' id='line_1_8' title="bbox 215 1021 1361 1100; baseline -0.006 -16"><span class='ocrx_word' id='word_1_66' title='bbox 215 1025 381 1100; x_wconf 89' lang='lat' dir='ltr'>designatur</span> <span class='ocrx_word' id='word_1_67' title='bbox 396 1023 513 1082; x_wconf 89' lang='lat' dir='ltr'>flamma</span> <span class='ocrx_word' id='word_1_68' title='bbox 528 1025 654 1081; x_wconf 90' lang='lat' dir='ltr'>inuidiae</span> <span class='ocrx_word' id='word_1_69' title='bbox 665 1042 723 1099; x_wconf 89' lang='lat' dir='ltr'>qua</span> <span class='ocrx_word' id='word_1_70' title='bbox 737 1023 931 1080; x_wconf 89' lang='lat' dir='ltr'>inflammatus</span> <span class='ocrx_word' id='word_1_71' title='bbox 947 1022 1062 1081; x_wconf 92' lang='lat' dir='ltr'>inuidus</span> <span class='ocrx_word' id='word_1_72' title='bbox 1075 1021 1172 1081; x_wconf 91' lang='lat' dir='ltr'>Ouidii</span> <span class='ocrx_word' id='word_1_73' title='bbox 1188 1023 1361 1097; x_wconf 85' lang='lat' dir='ltr'>sanguinem</span> 
     </span>
     <span class='ocr_line' id='line_1_9' title="bbox 215 1102 1363 1180; baseline -0.005 -16"><span class='ocrx_word' id='word_1_74' title='bbox 215 1107 338 1164; x_wconf 78' lang='lat' dir='ltr'>sitiebat.</span> <span class='ocrx_word' id='word_1_75' title='bbox 379 1105 434 1162; x_wconf 90' lang='lat' dir='ltr'>Per</span> <span class='ocrx_word' id='word_1_76' title='bbox 448 1104 605 1163; x_wconf 91' lang='lat' dir='ltr'>candorem</span> <span class='ocrx_word' id='word_1_77' title='bbox 625 1107 755 1180; x_wconf 89' lang='lat' dir='ltr'>corporis</span> <span class='ocrx_word' id='word_1_78' title='bbox 775 1105 924 1163; x_wconf 89' lang='lat' dir='ltr'>simulatus</span> <span class='ocrx_word' id='word_1_79' title='bbox 944 1122 1026 1162; x_wconf 90' lang='lat' dir='ltr'>amor</span> <span class='ocrx_word' id='word_1_80' title='bbox 1039 1113 1155 1162; x_wconf 90' lang='lat' dir='ltr'>notatur</span> <span class='ocrx_word' id='word_1_81' title='bbox 1169 1105 1252 1162; x_wconf 92' lang='lat' dir='ltr'>cuius</span> <span class='ocrx_word' id='word_1_82' title='bbox 1271 1102 1363 1177; x_wconf 92' lang='lat' dir='ltr'>turpis</span> 
     </span>
     <span class='ocr_line' id='line_1_10' title="bbox 216 1185 1362 1262; baseline -0.004 -18"><span class='ocrx_word' id='word_1_83' title='bbox 216 1188 282 1244; x_wconf 85' lang='lat' dir='ltr'>finis</span> <span class='ocrx_word' id='word_1_84' title='bbox 302 1204 354 1262; x_wconf 90' lang='lat' dir='ltr'>per</span> <span class='ocrx_word' id='word_1_85' title='bbox 373 1186 483 1244; x_wconf 85' lang='lat' dir='ltr'>caudae</span> <span class='ocrx_word' id='word_1_86' title='bbox 502 1186 684 1261; x_wconf 84' lang='lat' dir='ltr'>nigredinem</span> <span class='ocrx_word' id='word_1_87' title='bbox 703 1189 837 1261; x_wconf 86' lang='lat' dir='ltr'>aperitur.</span> <span class='ocrx_word' id='word_1_88' title='bbox 880 1186 955 1243; x_wconf 90' lang='lat' dir='ltr'>ltem</span> <span class='ocrx_word' id='word_1_89' title='bbox 974 1185 1087 1243; x_wconf 87' lang='lat' dir='ltr'>ciconia</span> <span class='ocrx_word' id='word_1_90' title='bbox 1107 1192 1199 1242; x_wconf 92' lang='lat' dir='ltr'>rostro</span> <span class='ocrx_word' id='word_1_91' title='bbox 1220 1201 1274 1242; x_wconf 93' lang='lat' dir='ltr'>suo</span> <span class='ocrx_word' id='word_1_92' title='bbox 1294 1201 1362 1258; x_wconf 94' lang='lat' dir='ltr'>pur·</span> 
     </span>
     <span class='ocr_line' id='line_1_11' title="bbox 215 1265 1362 1343; baseline -0.004 -18"><span class='ocrx_word' id='word_1_93' title='bbox 215 1286 284 1343; x_wconf 84' lang='lat' dir='ltr'>gare</span> <span class='ocrx_word' id='word_1_94' title='bbox 309 1267 445 1325; x_wconf 89' lang='lat' dir='ltr'>inferiora</span> <span class='ocrx_word' id='word_1_95' title='bbox 469 1266 580 1337; x_wconf 92' lang='lat' dir='ltr'>dicitur,</span> <span class='ocrx_word' id='word_1_96' title='bbox 606 1268 683 1325; x_wconf 90' lang='lat' dir='ltr'>unde</span> <span class='ocrx_word' id='word_1_97' title='bbox 708 1269 738 1324; x_wconf 93' lang='lat' dir='ltr'>in</span> <span class='ocrx_word' id='word_1_98' title='bbox 763 1286 799 1325; x_wconf 88' lang='lat' dir='ltr'>ea</span> <span class='ocrx_word' id='word_1_99' title='bbox 827 1267 897 1324; x_wconf 93' lang='lat' dir='ltr'>nihil</span> <span class='ocrx_word' id='word_1_100' title='bbox 923 1277 1014 1325; x_wconf 90' lang='lat' dir='ltr'>rostro</span> <span class='ocrx_word' id='word_1_101' title='bbox 1040 1266 1184 1324; x_wconf 87' lang='lat' dir='ltr'>sordidius</span> <span class='ocrx_word' id='word_1_102' title='bbox 1207 1265 1362 1322; x_wconf 92' lang='lat' dir='ltr'>inuenitur.</span> 
     </span>
     <span class='ocr_line' id='line_1_12' title="bbox 215 1345 1362 1424; baseline -0.003 -19"><span class='ocrx_word' id='word_1_103' title='bbox 215 1348 303 1407; x_wconf 91' lang='lat' dir='ltr'>Vnde</span> <span class='ocrx_word' id='word_1_104' title='bbox 325 1366 376 1424; x_wconf 91' lang='lat' dir='ltr'>per</span> <span class='ocrx_word' id='word_1_105' title='bbox 398 1349 489 1408; x_wconf 93' lang='lat' dir='ltr'>simile</span> <span class='ocrx_word' id='word_1_106' title='bbox 510 1357 606 1424; x_wconf 90' lang='lat' dir='ltr'>potest</span> <span class='ocrx_word' id='word_1_107' title='bbox 628 1349 684 1407; x_wconf 91' lang='lat' dir='ltr'>dici</span> <span class='ocrx_word' id='word_1_108' title='bbox 705 1348 741 1407; x_wconf 96' lang='lat' dir='ltr'>de</span> <span class='ocrx_word' id='word_1_109' title='bbox 762 1348 862 1406; x_wconf 92' lang='lat' dir='ltr'>inuido</span> <span class='ocrx_word' id='word_1_110' title='bbox 880 1347 959 1424; x_wconf 92' lang='lat' dir='ltr'>quod</span> <span class='ocrx_word' id='word_1_111' title='bbox 979 1366 1030 1406; x_wconf 93' lang='lat' dir='ltr'>ore</span> <span class='ocrx_word' id='word_1_112' title='bbox 1051 1365 1105 1405; x_wconf 91' lang='lat' dir='ltr'>suo</span> <span class='ocrx_word' id='word_1_113' title='bbox 1127 1347 1196 1404; x_wconf 91' lang='lat' dir='ltr'>nihil</span> <span class='ocrx_word' id='word_1_114' title='bbox 1218 1345 1362 1403; x_wconf 89' lang='lat' dir='ltr'>sordidius</span> 
     </span>
     <span class='ocr_line' id='line_1_13' title="bbox 215 1426 1363 1505; baseline -0.003 -18"><span class='ocrx_word' id='word_1_115' title='bbox 215 1430 349 1500; x_wconf 89' lang='lat' dir='ltr'>habebat,</span> <span class='ocrx_word' id='word_1_116' title='bbox 373 1430 489 1505; x_wconf 93' lang='lat' dir='ltr'>dequo</span> <span class='ocrx_word' id='word_1_117' title='bbox 512 1429 704 1489; x_wconf 84' lang='lat' dir='ltr'>detractiones</span> <span class='ocrx_word' id='word_1_118' title='bbox 728 1429 872 1505; x_wconf 88' lang='lat' dir='ltr'>prodeunt</span> <span class='ocrx_word' id='word_1_119' title='bbox 893 1439 922 1488; x_wconf 91' lang='lat' dir='ltr'>et</span> <span class='ocrx_word' id='word_1_120' title='bbox 947 1429 1072 1486; x_wconf 88' lang='lat' dir='ltr'>inuidiae</span> <span class='ocrx_word' id='word_1_121' title='bbox 1095 1427 1132 1486; x_wconf 85' lang='lat' dir='ltr'>fel</span> <span class='ocrx_word' id='word_1_122' title='bbox 1153 1427 1283 1486; x_wconf 91' lang='lat' dir='ltr'>destillat.</span> <span class='ocrx_word' id='word_1_123' title='bbox 1327 1426 1363 1483; x_wconf 93' lang='lat' dir='ltr'>Id</span> 
     </span>
     <span class='ocr_line' id='line_1_14' title="bbox 216 1507 1363 1586; baseline -0.003 -18"><span class='ocrx_word' id='word_1_124' title='bbox 216 1520 312 1569; x_wconf 91' lang='lat' dir='ltr'>autem</span> <span class='ocrx_word' id='word_1_125' title='bbox 333 1511 413 1586; x_wconf 92' lang='lat' dir='ltr'>quod</span> <span class='ocrx_word' id='word_1_126' title='bbox 433 1511 535 1569; x_wconf 91' lang='lat' dir='ltr'>dicitur</span> <span class='ocrx_word' id='word_1_127' title='bbox 550 1511 586 1569; x_wconf 93' lang='lat' dir='ltr'>de</span> <span class='ocrx_word' id='word_1_128' title='bbox 601 1512 714 1569; x_wconf 88' lang='lat' dir='ltr'>ciconia</span> <span class='ocrx_word' id='word_1_129' title='bbox 732 1522 810 1569; x_wconf 90' lang='lat' dir='ltr'>recte</span> <span class='ocrx_word' id='word_1_130' title='bbox 824 1511 937 1569; x_wconf 91' lang='lat' dir='ltr'>uidetur</span> <span class='ocrx_word' id='word_1_131' title='bbox 951 1510 1051 1568; x_wconf 91' lang='lat' dir='ltr'>iuuido</span> <span class='ocrx_word' id='word_1_132' title='bbox 1066 1511 1233 1567; x_wconf 90' lang='lat' dir='ltr'>conuenire.</span> <span class='ocrx_word' id='word_1_133' title='bbox 1275 1507 1363 1566; x_wconf 89' lang='lat' dir='ltr'>Vnde</span> 
     </span>
     <span class='ocr_line' id='line_1_15' title="bbox 215 1592 825 1668; baseline 0.002 -19"><span class='ocrx_word' id='word_1_134' title='bbox 215 1593 317 1651; x_wconf 90' lang='lat' dir='ltr'>merito</span> <span class='ocrx_word' id='word_1_135' title='bbox 333 1593 451 1650; x_wconf 92' lang='lat' dir='ltr'>nomine</span> <span class='ocrx_word' id='word_1_136' title='bbox 465 1593 551 1651; x_wconf 90' lang='lat' dir='ltr'>ibidis</span> <span class='ocrx_word' id='word_1_137' title='bbox 565 1593 741 1668; x_wconf 87' lang='lat' dir='ltr'>designatur.</span> <span class='ocrx_word' id='word_1_138' title='bbox 782 1592 825 1650; x_wconf 90' lang='lat' dir='ltr'>X.</span> 
     </span>
    </p>
   </div>
   <div class='ocr_carea' id='block_1_3' title="bbox 259 1732 1364 1827">
    <p class='ocr_par' dir='ltr' id='par_1_3' title="bbox 259 1732 1364 1827">
     <span class='ocr_line' id='line_1_16' title="bbox 259 1732 1364 1827; baseline -0.002 -21"><span class='ocrx_word' id='word_1_139' title='bbox 259 1762 285 1823; x_wconf 87' lang='lat'>7.</span> <span class='ocrx_word' id='word_1_140' title='bbox 308 1747 420 1807; x_wconf 88' lang='lat' dir='ltr'>Vnus:</span> <span class='ocrx_word' id='word_1_141' title='bbox 449 1749 467 1807; x_wconf 93' lang='lat' dir='ltr'>i.</span> <span class='ocrx_word' id='word_1_142' title='bbox 487 1747 602 1808; x_wconf 87' lang='lat' dir='ltr'>inuidus</span> <span class='ocrx_word' id='word_1_143' title='bbox 621 1767 709 1827; x_wconf 90' lang='lat' dir='ltr'>quem</span> <span class='ocrx_word' id='word_1_144' title='bbox 730 1749 811 1808; x_wconf 91' lang='lat' dir='ltr'>aliter</span> <span class='ocrx_word' id='word_1_145' title='bbox 828 1767 890 1808; x_wconf 89' lang='lat' dir='ltr'>uon</span> <span class='ocrx_word' id='word_1_146' title='bbox 906 1749 1076 1821; x_wconf 89' lang='lat' dir='ltr'>nominabo,</span> <span class='ocrx_word' id='word_1_147' title='bbox 1090 1766 1159 1807; x_wconf 90' lang='lat' dir='ltr'>non</span> <span class='ocrx_word' id='word_1_148' title='bbox 1174 1732 1259 1818; x_wconf 84' lang='lat' dir='ltr'>sinit,</span> <span class='ocrx_word' id='word_1_149' title='bbox 1275 1747 1364 1805; x_wconf 91' lang='lat' dir='ltr'>male·</span> 
     </span>
    </p>
   </div>
   <div class='ocr_carea' id='block_1_4' title="bbox 145 1829 1371 4022">
    <p class='ocr_par' dir='ltr' id='par_1_4' title="bbox 216 1829 1365 2053">
     <span class='ocr_line' id='line_1_17' title="bbox 216 1829 1364 1907; baseline -0.003 -18"><span class='ocrx_word' id='word_1_150' title='bbox 216 1829 342 1889; x_wconf 90' lang='lat' dir='ltr'>dicendo</span> <span class='ocrx_word' id='word_1_151' title='bbox 357 1830 394 1888; x_wconf 94' lang='lat' dir='ltr'>de</span> <span class='ocrx_word' id='word_1_152' title='bbox 408 1847 465 1889; x_wconf 90' lang='lat' dir='ltr'>me.</span> <span class='ocrx_word' id='word_1_153' title='bbox 505 1829 583 1889; x_wconf 96' lang='lat' dir='ltr'>Hoc</span> <span class='ocrx_word' id='word_1_154' title='bbox 603 1832 712 1907; x_wconf 91' lang='lat' dir='ltr'>ipsum</span> <span class='ocrx_word' id='word_1_155' title='bbox 726 1830 806 1906; x_wconf 94' lang='lat' dir='ltr'>quod</span> <span class='ocrx_word' id='word_1_156' title='bbox 821 1830 966 1889; x_wconf 88' lang='lat' dir='ltr'>maledicit</span> <span class='ocrx_word' id='word_1_157' title='bbox 981 1830 1016 1889; x_wconf 94' lang='lat' dir='ltr'>de</span> <span class='ocrx_word' id='word_1_158' title='bbox 1031 1849 1078 1888; x_wconf 94' lang='lat' dir='ltr'>me</span> <span class='ocrx_word' id='word_1_159' title='bbox 1093 1840 1136 1888; x_wconf 93' lang='lat' dir='ltr'>est</span> <span class='ocrx_word' id='word_1_160' title='bbox 1151 1848 1217 1888; x_wconf 88' lang='lat' dir='ltr'>mea</span> <span class='ocrx_word' id='word_1_161' title='bbox 1236 1829 1364 1898; x_wconf 90' lang='lat' dir='ltr'>iniuria,</span> 
     </span>
     <span class='ocr_line' id='line_1_18' title="bbox 217 1911 1365 2052; baseline -0.002 -83"><span class='ocrx_word' id='word_1_162' title='bbox 217 1913 286 1987; x_wconf 89' lang='lat' dir='ltr'>quia</span> <span class='ocrx_word' id='word_1_163' title='bbox 307 1929 324 1969; x_wconf 93' lang='lat' dir='ltr'>a</span> <span class='ocrx_word' id='word_1_164' title='bbox 330 1912 425 2052; x_wconf 69' lang='lat' dir='ltr'>Cpullo</span> <span class='ocrx_word' id='word_1_165' title='bbox 444 1911 601 1988; x_wconf 87' lang='lat' dir='ltr'>uituperari</span> <span class='ocrx_word' id='word_1_166' title='bbox 621 1912 713 1970; x_wconf 92' lang='lat' dir='ltr'>merui</span> <span class='ocrx_word' id='word_1_167' title='bbox 733 1931 787 1970; x_wconf 92' lang='lat' dir='ltr'>nec</span> <span class='ocrx_word' id='word_1_168' title='bbox 806 1913 956 1988; x_wconf 89' lang='lat' dir='ltr'>potissime</span> <span class='ocrx_word' id='word_1_169' title='bbox 976 1912 1013 1970; x_wconf 93' lang='lat' dir='ltr'>ab</span> <span class='ocrx_word' id='word_1_170' title='bbox 1032 1912 1081 1970; x_wconf 95' lang='lat' dir='ltr'>illo</span> <span class='ocrx_word' id='word_1_171' title='bbox 1098 1912 1144 1970; x_wconf 92' lang='lat' dir='ltr'>cui</span> <span class='ocrx_word' id='word_1_172' title='bbox 1164 1912 1291 1968; x_wconf 85' lang='lat' dir='ltr'>maxime</span> <span class='ocrx_word' id='word_1_173' title='bbox 1306 1927 1365 1967; x_wconf 91' lang='lat' dir='ltr'>ser·</span> 
     </span>
     <span class='ocr_line' id='line_1_19' title="bbox 216 2010 362 2053; baseline 0 -3"><span class='ocrx_word' id='word_1_174' title='bbox 216 2010 286 2053; x_wconf 88' lang='lat' dir='ltr'>unu.</span> <span class='ocrx_word' id='word_1_175' title='bbox 357 2037 362 2050; x_wconf 93' lang='lat'>.</span> 
     </span>
    </p>

    <p class='ocr_par' dir='ltr' id='par_1_5' title="bbox 218 2072 1366 2393">
     <span class='ocr_line' id='line_1_20' title="bbox 260 2072 1365 2150; baseline -0.001 -19"><span class='ocrx_word' id='word_1_176' title='bbox 260 2093 287 2147; x_wconf 89' lang='lat'>9.</span> <span class='ocrx_word' id='word_1_177' title='bbox 303 2083 482 2148; x_wconf 85' lang='lat' dir='ltr'>utcumque</span> <span class='ocrx_word' id='word_1_178' title='bbox 495 2074 633 2133; x_wconf 89' lang='lat' dir='ltr'>latebit:</span> <span class='ocrx_word' id='word_1_179' title='bbox 649 2075 666 2132; x_wconf 92' lang='lat' dir='ltr'>i.</span> <span class='ocrx_word' id='word_1_180' title='bbox 673 2074 770 2150; x_wconf 88' lang='lat' dir='ltr'>aliquo</span> <span class='ocrx_word' id='word_1_181' title='bbox 779 2074 945 2145; x_wconf 91' lang='lat' dir='ltr'>modo,n0n</span> <span class='ocrx_word' id='word_1_182' title='bbox 956 2074 1131 2150; x_wconf 90' lang='lat' dir='ltr'>appellando</span> <span class='ocrx_word' id='word_1_183' title='bbox 1140 2075 1236 2150; x_wconf 91' lang='lat' dir='ltr'>ipsum</span> <span class='ocrx_word' id='word_1_184' title='bbox 1245 2072 1365 2147; x_wconf 90' lang='lat' dir='ltr'>proprio</span> 
     </span>
     <span class='ocr_line' id='line_1_21' title="bbox 218 2153 1366 2232; baseline -0.002 -21"><span class='ocrx_word' id='word_1_185' title='bbox 218 2155 338 2213; x_wconf 92' lang='lat' dir='ltr'>nomine</span> <span class='ocrx_word' id='word_1_186' title='bbox 354 2155 405 2213; x_wconf 91' lang='lat' dir='ltr'>sed</span> <span class='ocrx_word' id='word_1_187' title='bbox 420 2155 510 2214; x_wconf 90' lang='lat' dir='ltr'>lactis.</span> <span class='ocrx_word' id='word_1_188' title='bbox 548 2155 618 2214; x_wconf 93' lang='lat' dir='ltr'>Hoc</span> <span class='ocrx_word' id='word_1_189' title='bbox 634 2156 703 2215; x_wconf 92' lang='lat' dir='ltr'>dicit</span> <span class='ocrx_word' id='word_1_190' title='bbox 717 2157 798 2232; x_wconf 93' lang='lat' dir='ltr'>quod</span> <span class='ocrx_word' id='word_1_191' title='bbox 812 2175 873 2215; x_wconf 92' lang='lat' dir='ltr'>non</span> <span class='ocrx_word' id='word_1_192' title='bbox 888 2158 1009 2214; x_wconf 91' lang='lat' dir='ltr'>omnino</span> <span class='ocrx_word' id='word_1_193' title='bbox 1024 2157 1100 2227; x_wconf 89' lang='lat' dir='ltr'>latet,</span> <span class='ocrx_word' id='word_1_194' title='bbox 1115 2156 1176 2213; x_wconf 91' lang='lat' dir='ltr'>imo</span> <span class='ocrx_word' id='word_1_195' title='bbox 1191 2153 1366 2231; x_wconf 89' lang='lat' dir='ltr'>quibusdam</span> 
     </span>
     <span class='ocr_line' id='line_1_22' title="bbox 218 2236 1366 2375; baseline -0.002 -81"><span class='ocrx_word' id='word_1_196' title='bbox 218 2236 436 2375; x_wconf 53' lang='grc' dir='ltr'>οοηίεοῐυῐίἓίῃ</span> <span class='ocrx_word' id='word_1_197' title='bbox 451 2236 507 2295; x_wconf 91' lang='lat' dir='ltr'>hoc</span> <span class='ocrx_word' id='word_1_198' title='bbox 521 2237 595 2295; x_wconf 91' lang='lat' dir='ltr'>libro</span> <span class='ocrx_word' id='word_1_199' title='bbox 610 2256 661 2313; x_wconf 94' lang='lat' dir='ltr'>per</span> <span class='ocrx_word' id='word_1_200' title='bbox 672 2238 880 2313; x_wconf 88' lang='lat' dir='ltr'>descriptiones</span> <span class='ocrx_word' id='word_1_201' title='bbox 891 2238 993 2313; x_wconf 88' lang='lat' dir='ltr'>positis</span> <span class='ocrx_word' id='word_1_202' title='bbox 1005 2237 1214 2314; x_wconf 89' lang='lat' dir='ltr'>aliquantulum</span> <span class='ocrx_word' id='word_1_203' title='bbox 1226 2252 1366 2311; x_wconf 89' lang='lat' dir='ltr'>apparere</span> 
     </span>
     <span class='ocr_line' id='line_1_23' title="bbox 218 2318 412 2393; baseline 0.015 -20"><span class='ocrx_word' id='word_1_204' title='bbox 218 2318 331 2393; x_wconf 89' lang='lat' dir='ltr'>poterit.</span> <span class='ocrx_word' id='word_1_205' title='bbox 405 2360 412 2376; x_wconf 87' lang='lat'>.</span> 
     </span>
    </p>

    <p class='ocr_par' dir='ltr' id='par_1_6' title="bbox 219 2397 1367 2621">
     <span class='ocr_line' id='line_1_24' title="bbox 264 2397 1367 2476; baseline 0 -21"><span class='ocrx_word' id='word_1_206' title='bbox 264 2416 309 2472; x_wconf 82' lang='lat'>13.</span> <span class='ocrx_word' id='word_1_207' title='bbox 331 2399 479 2473; x_wconf 85' lang='lat' dir='ltr'>requiem</span> <span class='ocrx_word' id='word_1_208' title='bbox 503 2400 705 2476; x_wconf 87' lang='lat' dir='ltr'>quaerentia.</span> <span class='ocrx_word' id='word_1_209' title='bbox 749 2399 818 2459; x_wconf 93' lang='lat' dir='ltr'>Hoc</span> <span class='ocrx_word' id='word_1_210' title='bbox 837 2400 905 2459; x_wconf 94' lang='lat' dir='ltr'>ideo</span> <span class='ocrx_word' id='word_1_211' title='bbox 923 2401 991 2459; x_wconf 92' lang='lat' dir='ltr'>dicit</span> <span class='ocrx_word' id='word_1_212' title='bbox 1010 2399 1087 2476; x_wconf 90' lang='lat' dir='ltr'>quia,</span> <span class='ocrx_word' id='word_1_213' title='bbox 1108 2417 1175 2458; x_wconf 89' lang='lat' dir='ltr'>cum</span> <span class='ocrx_word' id='word_1_214' title='bbox 1197 2399 1259 2474; x_wconf 93' lang='lat' dir='ltr'>ipse</span> <span class='ocrx_word' id='word_1_215' title='bbox 1280 2397 1367 2455; x_wconf 91' lang='lat' dir='ltr'>mittit</span> 
     </span>
     <span class='ocr_line' id='line_1_25' title="bbox 219 2478 1366 2554; baseline -0.002 -17"><span class='ocrx_word' id='word_1_216' title='bbox 219 2479 356 2554; x_wconf 89' lang='lat' dir='ltr'>epistulas</span> <span class='ocrx_word' id='word_1_217' title='bbox 379 2481 479 2539; x_wconf 91' lang='lat' dir='ltr'>amicis</span> <span class='ocrx_word' id='word_1_218' title='bbox 504 2481 565 2538; x_wconf 92' lang='lat' dir='ltr'>suis</span> <span class='ocrx_word' id='word_1_219' title='bbox 588 2490 619 2538; x_wconf 92' lang='lat' dir='ltr'>ut</span> <span class='ocrx_word' id='word_1_220' title='bbox 643 2482 782 2540; x_wconf 90' lang='lat' dir='ltr'>adiuuent</span> <span class='ocrx_word' id='word_1_221' title='bbox 803 2499 879 2553; x_wconf 90' lang='lat' dir='ltr'>eum,</span> <span class='ocrx_word' id='word_1_222' title='bbox 895 2493 939 2541; x_wconf 93' lang='lat' dir='ltr'>est</span> <span class='ocrx_word' id='word_1_223' title='bbox 956 2482 983 2540; x_wconf 93' lang='lat' dir='ltr'>ei</span> <span class='ocrx_word' id='word_1_224' title='bbox 1002 2480 1162 2539; x_wconf 89' lang='lat' dir='ltr'>contrarius</span> <span class='ocrx_word' id='word_1_225' title='bbox 1184 2478 1366 2539; x_wconf 90' lang='lat' dir='ltr'>dehortando</span> 
     </span>
     <span class='ocr_line' id='line_1_26' title="bbox 219 2560 778 2621; baseline 0.005 -3"><span class='ocrx_word' id='word_1_226' title='bbox 219 2562 329 2619; x_wconf 87' lang='lat' dir='ltr'>amicos</span> <span class='ocrx_word' id='word_1_227' title='bbox 343 2560 418 2619; x_wconf 90' lang='lat' dir='ltr'>illius</span> <span class='ocrx_word' id='word_1_228' title='bbox 432 2571 464 2619; x_wconf 92' lang='lat' dir='ltr'>ut</span> <span class='ocrx_word' id='word_1_229' title='bbox 478 2579 539 2619; x_wconf 89' lang='lat' dir='ltr'>non</span> <span class='ocrx_word' id='word_1_230' title='bbox 553 2563 698 2621; x_wconf 86' lang='lat' dir='ltr'>adiuuent</span> <span class='ocrx_word' id='word_1_231' title='bbox 741 2565 778 2621; x_wconf 90' lang='lat' dir='ltr'>P.</span> 
     </span>
    </p>

    <p class='ocr_par' dir='ltr' id='par_1_7' title="bbox 220 2641 1367 2883">
     <span class='ocr_line' id='line_1_27' title="bbox 265 2641 1366 2720; baseline 0.001 -22"><span class='ocrx_word' id='word_1_232' title='bbox 265 2645 310 2698; x_wconf 91' lang='lat'>18.</span> <span class='ocrx_word' id='word_1_233' title='bbox 329 2652 464 2718; x_wconf 86' lang='lat' dir='ltr'>pugnat.</span> <span class='ocrx_word' id='word_1_234' title='bbox 487 2642 657 2702; x_wconf 91' lang='lat' dir='ltr'>Inmensam</span> <span class='ocrx_word' id='word_1_235' title='bbox 672 2644 733 2702; x_wconf 91' lang='lat' dir='ltr'>eius</span> <span class='ocrx_word' id='word_1_236' title='bbox 744 2644 878 2720; x_wconf 88' lang='lat' dir='ltr'>exprimit</span> <span class='ocrx_word' id='word_1_237' title='bbox 889 2644 1068 2703; x_wconf 90' lang='lat' dir='ltr'>ferocitatem</span> <span class='ocrx_word' id='word_1_238' title='bbox 1079 2653 1108 2702; x_wconf 87' lang='lat' dir='ltr'>et</span> <span class='ocrx_word' id='word_1_239' title='bbox 1117 2641 1366 2711; x_wconf 88' lang='lat' dir='ltr'>inhumanitatem,</span> 
     </span>
     <span class='ocr_line' id='line_1_28' title="bbox 220 2723 1367 2802; baseline 0 -22"><span class='ocrx_word' id='word_1_240' title='bbox 220 2724 297 2800; x_wconf 88' lang='lat' dir='ltr'>quia,</span> <span class='ocrx_word' id='word_1_241' title='bbox 319 2741 386 2781; x_wconf 92' lang='lat' dir='ltr'>cum</span> <span class='ocrx_word' id='word_1_242' title='bbox 397 2724 519 2782; x_wconf 90' lang='lat' dir='ltr'>deberet</span> <span class='ocrx_word' id='word_1_243' title='bbox 539 2725 661 2784; x_wconf 90' lang='lat' dir='ltr'>miseriis</span> <span class='ocrx_word' id='word_1_244' title='bbox 683 2727 742 2784; x_wconf 91' lang='lat' dir='ltr'>suis</span> <span class='ocrx_word' id='word_1_245' title='bbox 764 2728 900 2801; x_wconf 90' lang='lat' dir='ltr'>compati,</span> <span class='ocrx_word' id='word_1_246' title='bbox 921 2734 1048 2802; x_wconf 84' lang='lat' dir='ltr'>pugnat</span> <span class='ocrx_word' id='word_1_247' title='bbox 1073 2726 1194 2783; x_wconf 91' lang='lat' dir='ltr'>habere</span> <span class='ocrx_word' id='word_1_248' title='bbox 1217 2723 1367 2798; x_wconf 90' lang='lat' dir='ltr'>relliquias</span> 
     </span>
     <span class='ocr_line' id='line_1_29' title="bbox 221 2804 1072 2883; baseline 0 -18"><span class='ocrx_word' id='word_1_249' title='bbox 221 2804 271 2865; x_wconf 87' lang='lat' dir='ltr'>sui</span> <span class='ocrx_word' id='word_1_250' title='bbox 293 2805 466 2881; x_wconf 87' lang='lat' dir='ltr'>naufragii,</span> <span class='ocrx_word' id='word_1_251' title='bbox 488 2807 659 2882; x_wconf 87' lang='lat' dir='ltr'>metaphora</span> <span class='ocrx_word' id='word_1_252' title='bbox 673 2816 788 2883; x_wconf 89' lang='lat' dir='ltr'>sumpta</span> <span class='ocrx_word' id='word_1_253' title='bbox 803 2825 820 2864; x_wconf 90' lang='lat' dir='ltr'>a</span> <span class='ocrx_word' id='word_1_254' title='bbox 834 2807 994 2883; x_wconf 88' lang='lat' dir='ltr'>naufragio.</span> <span class='ocrx_word' id='word_1_255' title='bbox 1039 2805 1072 2866; x_wconf 90' lang='lat' dir='ltr'>C.</span> 
     </span>
    </p>

    <p class='ocr_par' dir='ltr' id='par_1_8' title="bbox 220 2883 1369 3207">
     <span class='ocr_line' id='line_1_30' title="bbox 266 2883 1368 2964; baseline 0 -23"><span class='ocrx_word' id='word_1_256' title='bbox 266 2903 309 2962; x_wconf 90' lang='lat'>19.</span> <span class='ocrx_word' id='word_1_257' title='bbox 335 2887 390 2962; x_wconf 92' lang='lat' dir='ltr'>qui</span> <span class='ocrx_word' id='word_1_258' title='bbox 409 2887 584 2947; x_wconf 88' lang='lat' dir='ltr'>debuerat:</span> <span class='ocrx_word' id='word_1_259' title='bbox 607 2889 690 2964; x_wconf 81' lang='lat' dir='ltr'>iqui</span> <span class='ocrx_word' id='word_1_260' title='bbox 707 2889 930 2946; x_wconf 86' lang='lat' dir='ltr'>mihiauxilium</span> <span class='ocrx_word' id='word_1_261' title='bbox 949 2898 1095 2963; x_wconf 88' lang='lat' dir='ltr'>praestare</span> <span class='ocrx_word' id='word_1_262' title='bbox 1110 2887 1228 2945; x_wconf 88' lang='lat' dir='ltr'>deberet</span> <span class='ocrx_word' id='word_1_263' title='bbox 1247 2895 1276 2943; x_wconf 92' lang='lat' dir='ltr'>et</span> <span class='ocrx_word' id='word_1_264' title='bbox 1294 2883 1368 2942; x_wconf 90' lang='lat' dir='ltr'>meis</span> 
     </span>
     <span class='ocr_line' id='line_1_31' title="bbox 221 2967 1369 3046; baseline -0.001 -22"><span class='ocrx_word' id='word_1_265' title='bbox 221 2967 441 3026; x_wconf 88' lang='lat' dir='ltr'>necessitatibus</span> <span class='ocrx_word' id='word_1_266' title='bbox 456 2968 606 3044; x_wconf 85' lang='lat' dir='ltr'>suffragari</span> <span class='ocrx_word' id='word_1_267' title='bbox 621 2979 688 3046; x_wconf 91' lang='lat' dir='ltr'>post</span> <span class='ocrx_word' id='word_1_268' title='bbox 701 2988 767 3028; x_wconf 91' lang='lat' dir='ltr'>mea</span> <span class='ocrx_word' id='word_1_269' title='bbox 782 2981 903 3029; x_wconf 89' lang='lat' dir='ltr'>conatur</span> <span class='ocrx_word' id='word_1_270' title='bbox 917 2971 1050 3046; x_wconf 89' lang='lat' dir='ltr'>arripere,</span> <span class='ocrx_word' id='word_1_271' title='bbox 1066 2969 1237 3044; x_wconf 88' lang='lat' dir='ltr'>metaphora</span> <span class='ocrx_word' id='word_1_272' title='bbox 1251 2976 1369 3042; x_wconf 87' lang='lat' dir='ltr'>sumpta</span> 
     </span>
     <span class='ocr_line' id='line_1_32' title="bbox 221 3048 1368 3128; baseline -0.002 -22"><span class='ocrx_word' id='word_1_273' title='bbox 221 3049 258 3106; x_wconf 90' lang='lat' dir='ltr'>ab</span> <span class='ocrx_word' id='word_1_274' title='bbox 273 3048 409 3108; x_wconf 90' lang='lat' dir='ltr'>incendio</span> <span class='ocrx_word' id='word_1_275' title='bbox 423 3049 460 3107; x_wconf 86' lang='lat' dir='ltr'>ad</span> <span class='ocrx_word' id='word_1_276' title='bbox 476 3051 556 3127; x_wconf 92' lang='lat' dir='ltr'>quod</span> <span class='ocrx_word' id='word_1_277' title='bbox 570 3054 653 3126; x_wconf 79' lang='lat' dir='ltr'>specie</span> <span class='ocrx_word' id='word_1_278' title='bbox 667 3052 855 3128; x_wconf 85' lang='lat' dir='ltr'>extinguendi</span> <span class='ocrx_word' id='word_1_279' title='bbox 872 3052 954 3110; x_wconf 90' lang='lat' dir='ltr'>multi</span> <span class='ocrx_word' id='word_1_280' title='bbox 965 3051 1089 3109; x_wconf 55' lang='lat' dir='ltr'>¹ueniunt</span> <span class='ocrx_word' id='word_1_281' title='bbox 1106 3051 1158 3109; x_wconf 91' lang='lat' dir='ltr'>sed</span> <span class='ocrx_word' id='word_1_282' title='bbox 1176 3060 1368 3126; x_wconf 88' lang='lat' dir='ltr'>posteaquam</span> 
     </span>
     <span class='ocr_line' id='line_1_33' title="bbox 220 3130 568 3207; baseline 0.006 -20"><span class='ocrx_word' id='word_1_283' title='bbox 220 3140 352 3207; x_wconf 83' lang='lat' dir='ltr'>possunt,</span> <span class='ocrx_word' id='word_1_284' title='bbox 367 3131 489 3207; x_wconf 88' lang='lat' dir='ltr'>rapiunt.</span> <span class='ocrx_word' id='word_1_285' title='bbox 535 3130 568 3191; x_wconf 90' lang='lat' dir='ltr'>C.</span> 
     </span>
    </p>

    <p class='ocr_par' dir='ltr' id='par_1_9' title="bbox 222 3210 1369 3436">
     <span class='ocr_line' id='line_1_34' title="bbox 264 3210 1368 3290; baseline -0.001 -22"><span class='ocrx_word' id='word_1_286' title='bbox 264 3230 311 3269; x_wconf 79' lang='lat'>21.</span> <span class='ocrx_word' id='word_1_287' title='bbox 333 3211 501 3288; x_wconf 81' lang='lat' dir='ltr'>profugae.</span> <span class='ocrx_word' id='word_1_288' title='bbox 544 3213 598 3271; x_wconf 90' lang='lat' dir='ltr'>Per</span> <span class='ocrx_word' id='word_1_289' title='bbox 612 3231 733 3272; x_wconf 84' lang='lat' dir='ltr'>uxorem</span> <span class='ocrx_word' id='word_1_290' title='bbox 748 3232 844 3273; x_wconf 87' lang='lat' dir='ltr'>meam</span> <span class='ocrx_word' id='word_1_291' title='bbox 860 3232 948 3290; x_wconf 89' lang='lat' dir='ltr'>quam</span> <span class='ocrx_word' id='word_1_292' title='bbox 963 3211 1081 3271; x_wconf 89' lang='lat' dir='ltr'>retrahit</span> <span class='ocrx_word' id='word_1_293' title='bbox 1093 3213 1131 3269; x_wconf 89' lang='lat' dir='ltr'>ab</span> <span class='ocrx_word' id='word_1_294' title='bbox 1145 3212 1250 3272; x_wconf 87' lang='lat' dir='ltr'>officio.</span> <span class='ocrx_word' id='word_1_295' title='bbox 1290 3210 1368 3268; x_wconf 89' lang='lat' dir='ltr'>Nam</span> 
     </span>
     <span class='ocr_line' id='line_1_35' title="bbox 222 3291 1369 3372; baseline -0.003 -20"><span class='ocrx_word' id='word_1_296' title='bbox 222 3291 331 3352; x_wconf 93' lang='lat' dir='ltr'>Ouidio</span> <span class='ocrx_word' id='word_1_297' title='bbox 342 3295 528 3353; x_wconf 90' lang='lat' dir='ltr'>mittebantur</span> <span class='ocrx_word' id='word_1_298' title='bbox 538 3295 647 3354; x_wconf 87' lang='lat' dir='ltr'>reditus</span> <span class='ocrx_word' id='word_1_299' title='bbox 661 3313 779 3355; x_wconf 90' lang='lat' dir='ltr'>suarum</span> <span class='ocrx_word' id='word_1_300' title='bbox 793 3296 1013 3372; x_wconf 89' lang='lat' dir='ltr'>possessionum</span> <span class='ocrx_word' id='word_1_301' title='bbox 1024 3294 1102 3352; x_wconf 91' lang='lat' dir='ltr'>unde</span> <span class='ocrx_word' id='word_1_302' title='bbox 1113 3295 1231 3354; x_wconf 93' lang='lat' dir='ltr'>uiuebat</span> <span class='ocrx_word' id='word_1_303' title='bbox 1240 3292 1271 3350; x_wconf 88' lang='lat' dir='ltr'>in</span> <span class='ocrx_word' id='word_1_304' title='bbox 1282 3292 1369 3350; x_wconf 85' lang='lat' dir='ltr'>exilio</span> 
     </span>
     <span class='ocr_line' id='line_1_36' title="bbox 222 3375 1083 3436; baseline -0.001 -3"><span class='ocrx_word' id='word_1_305' title='bbox 222 3376 259 3433; x_wconf 88' lang='lat' dir='ltr'>ab</span> <span class='ocrx_word' id='word_1_306' title='bbox 274 3391 365 3434; x_wconf 93' lang='lat' dir='ltr'>uxore</span> <span class='ocrx_word' id='word_1_307' title='bbox 383 3392 452 3434; x_wconf 91' lang='lat' dir='ltr'>sua:</span> <span class='ocrx_word' id='word_1_308' title='bbox 475 3394 553 3434; x_wconf 88' lang='lat' dir='ltr'>nunc</span> <span class='ocrx_word' id='word_1_309' title='bbox 568 3386 666 3435; x_wconf 88' lang='lat' dir='ltr'>autern</span> <span class='ocrx_word' id='word_1_310' title='bbox 679 3377 795 3436; x_wconf 90' lang='lat' dir='ltr'>inuidus</span> <span class='ocrx_word' id='word_1_311' title='bbox 810 3376 1003 3436; x_wconf 91' lang='lat' dir='ltr'>dissuadebat.</span> <span class='ocrx_word' id='word_1_312' title='bbox 1049 3375 1083 3434; x_wconf 91' lang='lat' dir='ltr'>C.</span> 
     </span>
    </p>

    <p class='ocr_par' dir='ltr' id='par_1_10' title="bbox 222 3454 1369 3614">
     <span class='ocr_line' id='line_1_37' title="bbox 263 3454 1369 3532; baseline -0.002 -18"><span class='ocrx_word' id='word_1_313' title='bbox 263 3465 426 3515; x_wconf 90' lang='lat' dir='ltr'>senectae.</span> <span class='ocrx_word' id='word_1_314' title='bbox 469 3457 580 3515; x_wconf 88' lang='lat' dir='ltr'>Malum</span> <span class='ocrx_word' id='word_1_315' title='bbox 595 3468 639 3517; x_wconf 91' lang='lat' dir='ltr'>est</span> <span class='ocrx_word' id='word_1_316' title='bbox 652 3459 731 3516; x_wconf 90' lang='lat' dir='ltr'>enim</span> <span class='ocrx_word' id='word_1_317' title='bbox 746 3459 808 3518; x_wconf 90' lang='lat' dir='ltr'>seni</span> <span class='ocrx_word' id='word_1_318' title='bbox 825 3459 987 3517; x_wconf 88' lang='lat' dir='ltr'>necessaria</span> <span class='ocrx_word' id='word_1_319' title='bbox 1001 3457 1121 3527; x_wconf 86' lang='lat' dir='ltr'>auferre,</span> <span class='ocrx_word' id='word_1_320' title='bbox 1135 3455 1219 3532; x_wconf 92' lang='lat' dir='ltr'>peius</span> <span class='ocrx_word' id='word_1_321' title='bbox 1233 3454 1369 3530; x_wconf 81' lang='lat' dir='ltr'>profugo,</span> 
     </span>
     <span class='ocr_line' id='line_1_38' title="bbox 222 3537 797 3614; baseline 0.003 -18"><span class='ocrx_word' id='word_1_322' title='bbox 222 3537 275 3596; x_wconf 91' lang='lat' dir='ltr'>sed</span> <span class='ocrx_word' id='word_1_323' title='bbox 288 3539 448 3613; x_wconf 91' lang='lat' dir='ltr'>pessimum</span> <span class='ocrx_word' id='word_1_324' title='bbox 463 3540 526 3596; x_wconf 92' lang='lat' dir='ltr'>seni</span> <span class='ocrx_word' id='word_1_325' title='bbox 540 3549 569 3597; x_wconf 92' lang='lat' dir='ltr'>et</span> <span class='ocrx_word' id='word_1_326' title='bbox 583 3538 717 3614; x_wconf 87' lang='lat' dir='ltr'>profugo.</span> <span class='ocrx_word' id='word_1_327' title='bbox 763 3539 797 3598; x_wconf 85' lang='lat' dir='ltr'>C.</span> 
     </span>
    </p>

    <p class='ocr_par' dir='ltr' id='par_1_11' title="bbox 265 3618 1196 3692">
     <span class='ocr_line' id='line_1_39' title="bbox 265 3618 1196 3692; baseline 0 -16"><span class='ocrx_word' id='word_1_328' title='bbox 265 3637 312 3692; x_wconf 81' lang='lat'>30.</span> <span class='ocrx_word' id='word_1_329' title='bbox 333 3619 465 3677; x_wconf 93' lang='lat' dir='ltr'>debitus</span> <span class='ocrx_word' id='word_1_330' title='bbox 485 3618 591 3678; x_wconf 92' lang='lat' dir='ltr'>hostis</span> <span class='ocrx_word' id='word_1_331' title='bbox 612 3638 686 3678; x_wconf 92' lang='lat' dir='ltr'>ero:</span> <span class='ocrx_word' id='word_1_332' title='bbox 709 3621 727 3678; x_wconf 93' lang='lat' dir='ltr'>i.</span> <span class='ocrx_word' id='word_1_333' title='bbox 743 3621 854 3679; x_wconf 88' lang='lat' dir='ltr'>debitas</span> <span class='ocrx_word' id='word_1_334' title='bbox 868 3620 1030 3678; x_wconf 90' lang='lat' dir='ltr'>inimicitias</span> <span class='ocrx_word' id='word_1_335' title='bbox 1045 3619 1196 3677; x_wconf 89' lang='lat' dir='ltr'>exercebo.</span> 
     </span>
    </p>

    <p class='ocr_par' dir='ltr' id='par_1_12' title="bbox 145 3699 1371 4022">
     <span class='ocr_line' id='line_1_40' title="bbox 162 3699 1371 3778; baseline -0.003 -18"><span class='ocrx_word' id='word_1_336' title='bbox 162 3752 168 3760; x_wconf 91' lang='lat'>.</span> <span class='ocrx_word' id='word_1_337' title='bbox 266 3713 312 3774; x_wconf 81' lang='lat'>35.</span> <span class='ocrx_word' id='word_1_338' title='bbox 335 3700 376 3758; x_wconf 91' lang='lat' dir='ltr'>Et</span> <span class='ocrx_word' id='word_1_339' title='bbox 394 3718 481 3758; x_wconf 88' lang='lat' dir='ltr'>noua</span> <span class='ocrx_word' id='word_1_340' title='bbox 498 3701 653 3760; x_wconf 80' lang='lat' dir='ltr'>fraterno.</span> <span class='ocrx_word' id='word_1_341' title='bbox 688 3701 823 3761; x_wconf 89' lang='lat' dir='ltr'>Eteocles</span> <span class='ocrx_word' id='word_1_342' title='bbox 833 3713 866 3761; x_wconf 88' lang='lat' dir='ltr'>et</span> <span class='ocrx_word' id='word_1_343' title='bbox 880 3702 1033 3778; x_wconf 90' lang='lat' dir='ltr'>Polynices</span> <span class='ocrx_word' id='word_1_344' title='bbox 1048 3701 1163 3758; x_wconf 81' lang='lat' dir='ltr'>luerunt</span> <span class='ocrx_word' id='word_1_345' title='bbox 1177 3699 1285 3770; x_wconf 87' lang='lat' dir='ltr'>fratres,</span> <span class='ocrx_word' id='word_1_346' title='bbox 1300 3699 1371 3757; x_wconf 90' lang='lat' dir='ltr'>alter</span> 
     </span>
     <span class='ocr_line' id='line_1_41' title="bbox 145 3780 1371 3859; baseline -0.001 -21"><span class='ocrx_word' id='word_1_347' title='bbox 145 3818 149 3825; x_wconf 90' lang='lat'>-</span> <span class='ocrx_word' id='word_1_348' title='bbox 222 3797 348 3855; x_wconf 91' lang='lat' dir='ltr'>quorum</span> <span class='ocrx_word' id='word_1_349' title='bbox 370 3791 486 3840; x_wconf 93' lang='lat' dir='ltr'>mortuo</span> <span class='ocrx_word' id='word_1_350' title='bbox 512 3793 592 3858; x_wconf 90' lang='lat' dir='ltr'>patre</span> <span class='ocrx_word' id='word_1_351' title='bbox 616 3801 740 3859; x_wconf 86' lang='lat' dir='ltr'>reguum</span> <span class='ocrx_word' id='word_1_352' title='bbox 762 3782 837 3842; x_wconf 86' lang='lat' dir='ltr'>fratri</span> <span class='ocrx_word' id='word_1_353' title='bbox 858 3784 897 3842; x_wconf 94' lang='lat' dir='ltr'>ad</span> <span class='ocrx_word' id='word_1_354' title='bbox 918 3793 1034 3858; x_wconf 88' lang='lat' dir='ltr'>tempus</span> <span class='ocrx_word' id='word_1_355' title='bbox 1054 3782 1220 3857; x_wconf 88' lang='lat' dir='ltr'>relinquens</span> <span class='ocrx_word' id='word_1_356' title='bbox 1241 3780 1371 3839; x_wconf 88' lang='lat' dir='ltr'>Creonta</span> 
     </span>
     <span class='ocr_line' id='line_1_42' title="bbox 222 3861 1370 3942; baseline 0.001 -24"><span class='ocrx_word' id='word_1_357' title='bbox 222 3879 323 3937; x_wconf 87' lang='lat' dir='ltr'>regem</span> <span class='ocrx_word' id='word_1_358' title='bbox 336 3861 434 3921; x_wconf 91' lang='lat' dir='ltr'>adiuit.</span> <span class='ocrx_word' id='word_1_359' title='bbox 476 3863 582 3922; x_wconf 88' lang='lat' dir='ltr'>Postea</span> <span class='ocrx_word' id='word_1_360' title='bbox 598 3882 669 3922; x_wconf 91' lang='lat' dir='ltr'>uero</span> <span class='ocrx_word' id='word_1_361' title='bbox 689 3865 804 3924; x_wconf 89' lang='lat' dir='ltr'>rediens</span> <span class='ocrx_word' id='word_1_362' title='bbox 823 3883 947 3942; x_wconf 88' lang='lat' dir='ltr'>regnum</span> <span class='ocrx_word' id='word_1_363' title='bbox 961 3883 979 3922; x_wconf 88' lang='lat' dir='ltr'>a</span> <span class='ocrx_word' id='word_1_364' title='bbox 993 3864 1079 3923; x_wconf 80' lang='lat' dir='ltr'>fratre</span> <span class='ocrx_word' id='word_1_365' title='bbox 1094 3863 1197 3940; x_wconf 87' lang='lat' dir='ltr'>petiuit</span> <span class='ocrx_word' id='word_1_366' title='bbox 1210 3872 1240 3921; x_wconf 94' lang='lat' dir='ltr'>et</span> <span class='ocrx_word' id='word_1_367' title='bbox 1253 3861 1370 3920; x_wconf 87' lang='lat' dir='ltr'>fratrem</span> 
     </span>
     <span class='ocr_line' id='line_1_43' title="bbox 223 3943 1370 4022; baseline 0.001 -21"><span class='ocrx_word' id='word_1_368' title='bbox 223 3943 372 4001; x_wconf 91' lang='lat' dir='ltr'>nolentem</span> <span class='ocrx_word' id='word_1_369' title='bbox 392 3944 447 4003; x_wconf 90' lang='lat' dir='ltr'>sibi</span> <span class='ocrx_word' id='word_1_370' title='bbox 464 3962 588 4020; x_wconf 90' lang='lat' dir='ltr'>regnum</span> <span class='ocrx_word' id='word_1_371' title='bbox 607 3946 727 4005; x_wconf 89' lang='lat' dir='ltr'>reddere</span> <span class='ocrx_word' id='word_1_372' title='bbox 746 3946 824 4006; x_wconf 93' lang='lat' dir='ltr'>bello</span> <span class='ocrx_word' id='word_1_373' title='bbox 843 3947 950 4005; x_wconf 89' lang='lat' dir='ltr'>inuasit</span> <span class='ocrx_word' id='word_1_374' title='bbox 966 3955 996 4004; x_wconf 91' lang='lat' dir='ltr'>et</span> <span class='ocrx_word' id='word_1_375' title='bbox 1014 3945 1054 4004; x_wconf 92' lang='lat' dir='ltr'>sic</span> <span class='ocrx_word' id='word_1_376' title='bbox 1070 3955 1188 4022; x_wconf 91' lang='lat' dir='ltr'>uterque</span> <span class='ocrx_word' id='word_1_377' title='bbox 1204 3943 1370 4002; x_wconf 88' lang='lat' dir='ltr'>interfectus</span> 
     </span>
    </p>
   </div>
   <div class='ocr_carea' id='block_1_5' title="bbox 199 4092 1137 4515">
    <p class='ocr_par' dir='ltr' id='par_1_13' title="bbox 261 4092 648 4160">
     <span class='ocr_line' id='line_1_44' title="bbox 261 4092 648 4160; baseline 0.016 -20"><span class='ocrx_word' id='word_1_378' title='bbox 261 4106 286 4154; x_wconf 86' lang='lat'>9.</span> <span class='ocrx_word' id='word_1_379' title='bbox 304 4093 434 4157; x_wconf 89' lang='lat' dir='ltr'>appetere</span> <span class='ocrx_word' id='word_1_380' title='bbox 446 4092 463 4146; x_wconf 91' lang='lat' dir='ltr'>i.</span> <span class='ocrx_word' id='word_1_381' title='bbox 476 4107 607 4160; x_wconf 88' lang='lat' dir='ltr'>apparere</span> <span class='ocrx_word' id='word_1_382' title='bbox 619 4094 648 4147; x_wconf 85' lang='lat' dir='ltr'>C.</span> 
     </span>
    </p>

    <p class='ocr_par' dir='ltr' id='par_1_14' title="bbox 263 4161 740 4228">
     <span class='ocr_line' id='line_1_45' title="bbox 263 4161 740 4228; baseline 0.015 -17"><span class='ocrx_word' id='word_1_383' title='bbox 263 4176 304 4224; x_wconf 86' lang='lat'>13.</span> <span class='ocrx_word' id='word_1_384' title='bbox 322 4167 354 4212; x_wconf 90' lang='lat' dir='ltr'>ut</span> <span class='ocrx_word' id='word_1_385' title='bbox 366 4161 454 4228; x_wconf 92' lang='lat' dir='ltr'>ipsum</span> <span class='ocrx_word' id='word_1_386' title='bbox 466 4178 522 4215; x_wconf 91' lang='lat' dir='ltr'>non</span> <span class='ocrx_word' id='word_1_387' title='bbox 535 4163 696 4218; x_wconf 88' lang='lat' dir='ltr'>adiuuarent</span> <span class='ocrx_word' id='word_1_388' title='bbox 709 4165 740 4218; x_wconf 91' lang='lat' dir='ltr'>P.</span> 
     </span>
    </p>

    <p class='ocr_par' dir='ltr' id='par_1_15' title="bbox 263 4230 527 4286">
     <span class='ocr_line' id='line_1_46' title="bbox 263 4230 527 4286; baseline 0.019 -5"><span class='ocrx_word' id='word_1_389' title='bbox 263 4235 303 4282; x_wconf 82' lang='lat'>18.</span> <span class='ocrx_word' id='word_1_390' title='bbox 322 4230 484 4284; x_wconf 88' lang='lat' dir='ltr'>inmensum</span> <span class='ocrx_word' id='word_1_391' title='bbox 498 4234 527 4286; x_wconf 88' lang='lat' dir='ltr'>C.</span> 
     </span>
    </p>

    <p class='ocr_par' dir='ltr' id='par_1_16' title="bbox 199 4301 744 4372">
     <span class='ocr_line' id='line_1_47' title="bbox 199 4301 744 4372; baseline 0.009 -19"><span class='ocrx_word' id='word_1_392' title='bbox 199 4319 202 4327; x_wconf 93' lang='lat'>·</span> <span class='ocrx_word' id='word_1_393' title='bbox 264 4319 304 4366; x_wconf 89' lang='lat'>19.</span> <span class='ocrx_word' id='word_1_394' title='bbox 323 4301 358 4354; x_wconf 87' lang='lat' dir='ltr'>ad</span> <span class='ocrx_word' id='word_1_395' title='bbox 370 4303 445 4370; x_wconf 93' lang='lat' dir='ltr'>quod</span> <span class='ocrx_word' id='word_1_396' title='bbox 457 4303 513 4371; x_wconf 93' lang='lat' dir='ltr'>ipse</span> <span class='ocrx_word' id='word_1_397' title='bbox 526 4305 703 4372; x_wconf 85' lang='lat' dir='ltr'>extinguendi</span> <span class='ocrx_word' id='word_1_398' title='bbox 716 4307 744 4360; x_wconf 84' lang='lat' dir='ltr'>C.</span> 
     </span>
    </p>

    <p class='ocr_par' dir='ltr' id='par_1_17' title="bbox 263 4371 577 4428">
     <span class='ocr_line' id='line_1_48' title="bbox 263 4371 577 4428; baseline 0.016 -5"><span class='ocrx_word' id='word_1_399' title='bbox 263 4389 305 4425; x_wconf 81' lang='lat'>21.</span> <span class='ocrx_word' id='word_1_400' title='bbox 325 4371 358 4424; x_wconf 94' lang='lat' dir='ltr'>ab</span> <span class='ocrx_word' id='word_1_401' title='bbox 371 4373 461 4426; x_wconf 89' lang='lat' dir='ltr'>officio</span> <span class='ocrx_word' id='word_1_402' title='bbox 474 4390 537 4427; x_wconf 91' lang='lat' dir='ltr'>meo</span> <span class='ocrx_word' id='word_1_403' title='bbox 549 4376 577 4428; x_wconf 86' lang='lat' dir='ltr'>C.</span> 
     </span>
    </p>

    <p class='ocr_par' dir='ltr' id='par_1_18' title="bbox 263 4443 1137 4515">
     <span class='ocr_line' id='line_1_49' title="bbox 263 4443 1137 4515; baseline 0 -16"><span class='ocrx_word' id='word_1_404' title='bbox 263 4459 306 4508; x_wconf 83' lang='lat'>35.</span> <span class='ocrx_word' id='word_1_405' title='bbox 324 4443 443 4498; x_wconf 91' lang='lat' dir='ltr'>Teucles</span> <span class='ocrx_word' id='word_1_406' title='bbox 455 4451 484 4498; x_wconf 94' lang='lat' dir='ltr'>et</span> <span class='ocrx_word' id='word_1_407' title='bbox 498 4446 637 4513; x_wconf 87' lang='lat' dir='ltr'>pollinices</span> <span class='ocrx_word' id='word_1_408' title='bbox 649 4451 673 4501; x_wconf 88' lang='lat' dir='ltr'>P</span> <span class='ocrx_word' id='word_1_409' title='bbox 745 4445 878 4515; x_wconf 89' lang='lat' dir='ltr'>Creonta]</span> <span class='ocrx_word' id='word_1_410' title='bbox 892 4449 969 4500; x_wconf 88' lang='lat' dir='ltr'>immo</span> <span class='ocrx_word' id='word_1_411' title='bbox 983 4449 1137 4501; x_wconf 82' lang='lat' dir='ltr'>Adrastum.</span> 
     </span>
    </p>
   </div>
   <div class='ocr_carea' id='block_1_6' title="bbox 0 0 1538 5010">
    <p class='ocr_par' dir='ltr' id='par_1_19' title="bbox 0 0 1538 5010">
     <span class='ocr_line' id='line_1_50' title="bbox 0 0 1538 5010; baseline 0 0"><span class='ocrx_word' id='word_1_412' title='bbox 0 0 1538 5010; x_wconf 95' lang='lat' dir='ltr'> </span> 
     </span>
    </p>
   </div>
  </div>
 </body>
</html>
