3038 5010
394 1189 739 1285 SCHOLIA
800 1189 882 1282 IN
944 1189 1123 1286 IBIN.

187 1538 406 1635 ῙΝΤΕΝΤΙΟ
428 1573 528 1636 Ouidii
546 1575 577 1634 in
593 1576 650 1636 hoc
667 1595 756 1654 opere
773 1585 816 1636 est
833 1575 1044 1653 reprehendere
1058 1574 1216 1652 quemdam
1230 1592 1330 1633 aemu-

182 1655 243 1715 lum
258 1667 385 1733 suum,et
399 1675 502 1716 omnes
516 1676 568 1733 per
582 1677 649 1717 eum
667 1660 717 1735 qui
731 1678 837 1718 uxores
854 1659 977 1718 aliorum
994 1667 1135 1735 appetunt
1154 1675 1215 1715 non
1235 1656 1330 1715 solum

181 1736 371 1812 reprehendit
388 1739 442 1796 sed
461 1739 548 1798 etiam
567 1740 730 1799 maledicit:
753 1750 784 1799 ut
799 1759 851 1816 per
863 1740 938 1798 male
953 1739 1112 1799 dictionem
1126 1735 1249 1797 retrahat
1262 1755 1330 1796 eum

183 1820 221 1876 ab
242 1819 381 1878 adulterio
399 1820 499 1879 uxoris
520 1838 609 1896 quam
630 1821 776 1881 blanditiis
795 1821 939 1880 fefellerat
983 1820 1079 1880 Causa
1097 1820 1267 1879 intentionis
1286 1827 1330 1877 est

182 1909 214 1957 ut
234 1898 306 1958 haec
328 1900 421 1960 ethis
444 1902 546 1960 similia
567 1902 739 1974 deuitemus,
761 1921 799 1961 ne
819 1904 904 1962 nobis
925 1903 1073 1978 contingat
1093 1902 1165 1960 tales
1186 1901 1330 1958 incurrere
1419 1945 1426 1967 ,

182 1981 409 2041 maledictiones.
452 1983 573 2042 Nomen
592 1985 653 2042 eius
671 2002 758 2060 quern
773 1984 958 2060 reprehendit
971 1985 1105 2060 ignotum
1120 1982 1229 2065 est,sed
1243 1990 1331 2040 uocat

183 2080 251 2120 eum
261 2062 323 2120 ibin
337 2081 426 2122 causa
435 2064 609 2140 inproperii:
629 2066 683 2123 ibis
698 2067 777 2123 enim
792 2067 854 2124 auis
868 2074 911 2124 est
922 2083 996 2141 quae
1010 2073 1105 2123 rostro
1115 2073 1220 2140 purgat
1233 2072 1331 2139 poste-

182 2143 267 2202 riora.
316 2143 376 2203 Iste
396 2163 467 2204 uero
489 2155 638 2206 accusarat
660 2145 801 2206 Ouidium
823 2148 859 2206 de
880 2164 972 2205 uxore
990 2145 1123 2221 Augusti,
1146 2144 1274 2204 similiter
1294 2144 1331 2202 de

182 2223 256 2283 libro
281 2226 439 2286 amatorio:
472 2228 579 2303 quibus
603 2229 699 2287 causis
724 2228 830 2287 missus
855 2229 951 2287 estin
975 2228 1101 2286 exilium.
1150 2226 1208 2284 Alii
1230 2226 1332 2284 dicunt

183 2306 265 2382 quod
284 2305 376 2364 noluit
396 2308 608 2384 imperatricem
630 2320 760 2385 stuprare
781 2311 819 2367 ab
840 2309 888 2367 illa
907 2319 1043 2384 rogatus;
1073 2326 1148 2385 quae
1170 2306 1273 2366 dolens
1294 2306 1331 2364 de

183 2387 299 2463 repulsa
318 2391 474 2448 accusabat
490 2407 558 2447 eum
577 2389 656 2466 apud
676 2391 829 2449 dominum
849 2408 942 2449 suum.
986 2389 1043 2448 His
1062 2389 1145 2448 dictis
1166 2389 1207 2448 sic
1229 2387 1267 2446 ad
1287 2387 1331 2446 lit·

183 2477 275 2526 teram
289 2469 510 2530 descendimus:
533 2470 629 2546 plures
643 2481 749 2547 poetae
763 2471 987 2550 reprehensoria·
1002 2470 1131 2530 carmina
1147 2471 1331 2546 scripserunt,

184 2550 236 2608 sed
251 2549 331 2627 quod
345 2568 402 2626 ego
417 2551 473 2610 leci
486 2569 580 2630 usque
597 2553 638 2611 ad
655 2552 718 2612 hoc
737 2562 868 2629 tempus
887 2553 948 2612 tuit
966 2554 1091 2611 inerme
1106 2552 1132 2610 .i.
1151 2552 1214 2610 sine
1235 2569 1331 2627 repre-

183 2630 335 2690 hensione.
381 2631 417 2691 G.

225 2712 353 2771 Intentio
375 2712 472 2773 Ouidii
493 2723 537 2774 est
557 2715 588 2773 in
609 2715 667 2775 hoc
687 2733 776 2792 opere
797 2715 901 2775 imitari
924 2713 1147 2782 Callimachum,
1169 2713 1237 2790 quia
1258 2712 1332 2771 sicut

185 2792 383 2853 Callimachus
403 2795 471 2854 fecit
491 2796 667 2855 inuectiuam
687 2806 789 2856 contra
810 2796 959 2856 inimicum
982 2813 1067 2854 suum
1085 2804 1114 2853 et
1134 2795 1231 2870 ipsum
1251 2795 1333 2852 duxit

184 2873 222 2932 ad
246 2885 379 2946 mortem,
400 2876 440 2936 ita
462 2878 516 2936 iste
537 2878 599 2936 uult
621 2879 716 2938 facere
738 2879 913 2937 inuectiuam
938 2886 1043 2936 contra
1061 2875 1212 2934 inimicum
1236 2892 1331 2945 suum,

185 2973 273 3031 quem
292 2975 354 3015 non
373 2958 505 3017 nominat
522 2977 575 3034 pro
595 2959 733 3036 despectu
754 2961 807 3018 sed
824 2959 922 3036 ipsum
936 2957 1063 3035 appellat
1076 2957 1147 3016 ibim
1161 2973 1215 3034 pro
1229 2955 1333 3014 maiori

185 3036 337 3107 dedecore,
353 3039 421 3114 quia
435 3040 489 3098 ibis
505 3049 548 3098 est
562 3041 624 3099 auis
640 3041 846 3100 sordidissima.
887 3039 926 3099 P.
1349 3053 1353 3061 ·

225 3119 275 3177 Ait
289 3118 412 3179 Ouidius
426 3121 456 3178 in
470 3121 543 3179 libro
558 3122 699 3180 Tristium
716 3122 802 3180 Dum
819 3122 912 3180 iuuat
928 3130 960 3180 et
978 3118 1073 3180 uultu
1091 3117 1177 3178 ridet
1196 3117 1332 3176 fortuna
1367 3163 1370 3169 .

186 3200 334 3278 secundo
357 3200 564 3261 Indelibatas
584 3214 706 3263 cuncta
727 3211 910 3279 sequuntur
931 3221 1020 3278 opes.
1062 3200 1106 3258 At
1125 3199 1224 3258 simul
1245 3200 1333 3257 into-

185 3282 254 3340 nuit
274 3281 406 3358 iugiunt
427 3301 488 3342 nec
507 3285 659 3344 noscitur
676 3285 735 3343 ulli
754 3285 956 3360 Agminibus
975 3282 1134 3343 comitum
1153 3281 1210 3356 qui
1230 3278 1331 3338 modo

186 3363 315 3422 cinctus
336 3373 418 3424 erat.
462 3364 510 3423 Sic
531 3365 618 3441 igitur
639 3365 709 3425 dum
731 3365 854 3426 Ouidius
879 3365 1070 3442 prosperitate
1091 3362 1205 3422 floreret
1226 3361 1332 3420 domus

186 3443 247 3502 eius
268 3445 353 3503 turba
373 3444 515 3504 nobilium
536 3445 779 3522 hequentabatur,
800 3457 957 3524 postquam
978 3463 1048 3504 uero
1068 3445 1099 3502 in
1120 3444 1238 3502 exilium
1260 3440 1332 3500 rele-

185 3534 271 3599 gatus
285 3535 336 3597 est,
352 3545 455 3586 omnes
472 3545 567 3602 paene
582 3528 777 3588 discesserunt
795 3537 958 3588 metuentes
976 3535 1094 3604 propter
1111 3524 1331 3583 familiaritatem
1345 3560 1348 3564 -

186 3607 248 3664 eius
262 3608 334 3666 iram
348 3606 530 3683 imperatoris
544 3609 700 3668 incurrere.
743 3609 873 3682 Quidam
887 3610 974 3668 etiam
989 3608 1026 3666 de
1040 3625 1077 3666 eo
1091 3607 1186 3665 malos
1199 3621 1331 3663 rumores

186 3685 296 3746 ferebat
314 3688 344 3746 in
362 3689 440 3748 curia
458 3699 592 3748 metuens
610 3709 648 3749 ne
665 3691 702 3750 de
719 3692 805 3750 exilio
824 3691 887 3767 ipse
906 3691 1082 3766 repatriaret,
1098 3686 1197 3747 Ouidii
1215 3702 1332 3762 posses·
1363 3732 1368 3740 ,

186 3768 285 3828 siones
300 3770 399 3829 sitiens
413 3780 442 3829 et
459 3789 588 3830 uxorem.
631 3771 699 3831 Hac
716 3772 803 3848 igitur
818 3773 854 3831 de
869 3789 958 3832 causa
976 3768 1144 3846 compulsus
1159 3767 1282 3828 Ouidius
1301 3767 1333 3824 in

186 3867 255 3908 eum
269 3851 337 3910 lacit
351 3852 541 3924 inuectiones,
553 3852 600 3911 uel
614 3854 684 3912 odio
698 3872 753 3914 suo
768 3854 848 3930 quod
862 3871 932 3930 erga
944 3850 1076 3910 inuidum
1089 3849 1217 3909 habebat
1231 3858 1260 3908 et
1273 3849 1332 3907 irae

187 3948 257 3989 suae
274 3932 396 4009 cupiens
412 3933 576 3992 satisfacere
594 3935 642 3992 uel
662 3954 714 4013 per
731 3936 911 3994 inuectiones
930 3934 999 3993 istas
1016 3951 1035 3993 a
1053 3932 1239 3991 detractionis
1256 3930 1333 3988 uitiis

187 4013 354 4073 absterrere.
396 4014 519 4073 Materia
540 4015 625 4091 igitur
641 4015 727 4075 huius
746 4016 871 4075 auctoris
889 4017 920 4073 in
940 4014 997 4074 hoc
1014 4031 1103 4089 opere
1123 4023 1166 4072 est
1185 4011 1332 4071 execratio
1405 4036 1408 4041 ·

187 4094 286 4165 inuidi,
301 4095 424 4154 intentio
438 4098 566 4156 execrari
584 4096 715 4156 inuidum
734 4096 868 4157 faciendo
883 4097 1062 4170 inuectiones
1077 4096 1108 4152 in
1124 4095 1229 4170 ipsum,
1244 4109 1333 4151 causa

187 4176 356 4235 intentionis
370 4173 476 4252 duplex
490 4178 586 4237 uelut
606 4179 664 4237 irae
686 4196 755 4238 suae
774 4189 803 4238 et
822 4178 891 4237 odio
911 4178 942 4235 in
962 4176 1093 4236 inuidum
1113 4175 1267 4234 satisfaciat
1285 4173 1333 4231 uel

188 4265 220 4315 ut
234 4275 301 4314 eum
315 4259 481 4318 execrando
495 4276 513 4318 a
527 4258 702 4319 detractione
717 4260 865 4319 deterreat.
907 4258 1022 4317 Vtilitas
1037 4267 1080 4328 est
1093 4265 1154 4315 tota
1171 4254 1294 4314 auctoris
1309 4271 1332 4312 a.
1404 4281 1407 4286 ·
1472 4260 1476 4267 '

188 4338 340 4398 delectatio
355 4356 443 4415 quam
464 4339 551 4398 habet
569 4342 771 4401 maledicendo
793 4341 902 4411 inuido,
917 4339 963 4398 uel
984 4339 1088 4398 utilitas
1108 4346 1152 4397 est
1172 4335 1286 4394 lectoris
1308 4352 1330 4392 s.

187 4420 317 4496 cognitio
342 4419 504 4481 fabularum
532 4422 562 4479 in
586 4422 644 4482 hoc
668 4441 757 4500 opere
782 4423 1011 4499 compilatorum.
1061 4418 1176 4478 Titulus
1199 4416 1264 4475 talis
1288 4424 1333 4474 est
