3038 5010
226 398 245 458 2
711 395 838 459 IBIS.

269 592 498 671 Perpetuoque
519 587 598 651 mihi
622 589 780 652 sociatam
797 588 930 652 foedere
953 589 1030 653 lecti

312 703 389 764 Non
412 701 537 782 patitur
560 701 668 763 miseri
691 700 806 763 funera
829 700 907 763 flere
930 701 1001 762 uiri.

269 813 421 893 Cumque
443 832 505 892 ego
527 832 648 892 quassa
672 820 765 874 meae‘
784 811 974 893 conplectar
997 812 1146 875 membra
1169 813 1306 890 carinae,

311 922 484 1005 Naufragii
507 904 639 987 tabulas
662 932 788 1005 pugnat
811 923 933 987 habere
957 925 1032 987 mei.

269 1036 314 1098 Et
336 1035 393 1116 qui
417 1034 577 1098 debuerat
599 1034 726 1098 subitas
750 1035 945 1117 extinguere
967 1034 1129 1110 flammas

313 1148 378 1211 Hic
402 1145 561 1227 praedam
586 1147 695 1209 medio
719 1156 832 1228 raptor
853 1147 896 1209 ab
915 1147 991 1228 igne
1014 1148 1109 1228 petit.

268 1260 394 1323 Nititur
416 1267 453 1321 ut
475 1258 634 1340 profugae
657 1257 766 1321 desint
789 1257 947 1323 alimenta
970 1268 1132 1322 senectae.

312 1371 387 1433 Heu
411 1378 536 1452 quanto
560 1381 610 1433 est
633 1369 754 1433 nostris
776 1370 907 1451 dignior
929 1370 1000 1452 ipse
1024 1368 1136 1434 malis!

269 1484 312 1546 Di
337 1483 463 1560 melius,
485 1503 624 1564 quorum
647 1483 745 1564 longe
768 1483 847 1545 mihi
871 1484 1038 1546 maximus
1061 1482 1124 1546 ille'
1140 1492 1201 1557 est,

312 1593 378 1676 Qui
400 1602 529 1657 nostras
551 1595 666 1676 inopes
689 1593 794 1657 noluit
817 1616 889 1659 esse
912 1594 993 1657 uias.

270 1707 359 1770 Huic
377 1707 477 1789 igitur
499 1709 632 1771 meritas
654 1717 772 1788 grates
795 1707 993 1789 ubicumque
1015 1706 1136 1782 licebit,

313 1821 376 1882 Pro
398 1829 468 1883 tam
492 1829 666 1882 mansueto
689 1830 823 1900 pectore
845 1839 977 1901 semper
1000 1838 1108 1900 agam.

268 1930 397 1995 Audiet
418 1931 482 1994 hoc
506 1931 639 1995 Pontus.
686 1931 800 1997 Faciet
823 1951 955 2013 quoque
978 1931 1116 1994 forsitan
1140 1930 1229 1992 idem

312 2043 416 2105 Terra
438 2042 481 2105 sit
503 2052 540 2106 ut
561 2042 695 2124 propior
715 2042 926 2105 testificanda
949 2041 1038 2105 mihi.

269 2155 320 2241 At
342 2154 402 2216 tibi
426 2154 560 2218 calcasti
583 2155 639 2235 qui
663 2175 724 2232 me,
746 2155 898 2231 uiolento,
921 2156 1094 2232 iacentem,

314 2265 390 2348 Qua
413 2265 489 2329 licet
513 2267 541 2329 ei
566 2266 685 2329 misero
708 2266 841 2329 debitus
862 2246 967 2330 bostis
991 2287 1057 2329 ero.

267 2379 406 2442 Desinet
428 2398 499 2440 esse
521 2378 610 2459 prius
632 2379 812 2441 contrarius
835 2378 967 2460 ignibus
990 2398 1095 2454 umor,

315 2492 499 2572 Iunctaque
521 2510 596 2553 cum
619 2489 696 2553 iuna
718 2490 844 2553 lumina
867 2491 944 2554 solis
968 2499 1072 2567 erunt,

272 2603 417 2684 Parsque
439 2604 556 2668 eadem
581 2601 662 2666 caeli
686 2602 849 2684 zephyros
874 2603 1003 2666 emittet
1028 2610 1062 2666 et
1085 2621 1190 2677 euros

266 2859 306 2911 15,
323 2845 353 2894 16
360 2855 421 2912 post
436 2849 466 2895 18
479 2846 638 2914 scriptitant
651 2847 677 2897 in
689 2847 721 2945 i·
736 2912 755 2920 ..

722 2923 733 2945 u

267 2956 305 3008 16.
326 2952 383 3008 uiui
392 2968 441 3024 pro
453 2954 547 3010 miseri
563 2956 586 3009 G
701 2923 756 3008 meri
769 2958 799 3008 P.

267 3040 304 3088 17.
326 3027 459 3095 Dumque
486 3029 511 3078 V
618 3027 835 3095 complectarff
946 3026 1118 3096 qpleetarG
1237 3023 1380 3093 coplectar

229 3098 281 3148 FX
385 3097 513 3198 qptlfcm‘
525 3101 555 3151 P.

266 3225 307 3261 22.
328 3217 464 3278 quantum
477 3211 502 3261 F
510 3218 540 3262 to
549 3212 668 3276 fortasse
679 3210 813 3261 recentiore
919 3206 965 3262 ille
979 3207 1066 3260 GHX.

266 3295 306 3342 23.
327 3278 376 3332 Dii
390 3280 455 3332 codd.
564 3290 607 3333 est
620 3299 669 3332 om.
683 3282 704 3331 Ἰ
703 3282 823 3346 fortasse
834 3296 897 3331 uere.

222 3359 438 3486 fhqubtnoqqthas
451 3349 551 3403 melius
564 3350 663 3420 inopes
677 3351 699 3400 V
798 3365 855 3401 non
868 3346 935 3401 sinit
950 3349 974 3400 G
1068 3345 1163 3453 *uoluit
1176 3347 1235 3400 Pet
1248 3348 1329 3400 irrisi
1340 3366 1380 3399 me

236 3548 309 3633 aa?
330 3530 406 3585 Hinc
425 3532 475 3583 ΡΗ
593 3497 607 3582 ir
630 3531 653 3584 G
671 3531 736 3598 quod
752 3532 851 3584 uidetur
868 3549 919 3582 esse
937 3531 993 3584 huc
1114 3546 1233 3599 magnas
1246 3537 1340 3598 grates
1353 3528 1381 3579 Β

268 3610 280 3633 u

231 3647 392 3712 quascuque
405 3644 496 3695 Parm.
571 3708 574 3712 Δ

268 3727 306 3774 27.
327 3710 470 3765 AudiatG
577 3728 687 3781 queque
700 3717 729 3766 P.

268 3788 308 3836 28.
329 3782 421 3835 situG
429 3795 478 3851 pro
491 3780 526 3836 sit
540 3792 569 3835 ut
658 3792 688 3836 ut
701 3785 794 3835 om.X
880 3781 1043 3851 potiorPet
1055 3783 1211 3836 Parmensis.

270 3871 309 3917 30.
331 3854 395 3922 Qua
409 3854 439 3921 G,
453 3855 524 3922 idque
536 3855 686 3906 Merkelium
699 3867 796 3908 secutus
809 3857 905 3922 reposui
1013 3853 1077 3922 Qua
1089 3856 1113 3906 P
1217 3853 1311 3922 Quam
1325 3854 1378 3904 Vas.

233 3924 317 3992 Quod
331 3926 433 3976 FHrX
555 3923 623 3977 libet
638 3928 690 3978 Vat.
815 3924 861 3977 hei
876 3926 949 3976 Fra
1064 3925 1120 3978 heu
1135 3925 1190 3977 ΟΧ
1312 3931 1343 3975 'et
1357 3925 1382 3973 P

232 3998 352 4048 eParm.
453 3993 480 4048 ei
493 3995 628 4048 Merkelias
736 3998 854 4050 Fortasse
867 3994 987 4062 deditus,
1001 3997 1034 4061 cf.
1049 3995 1128 4048 Birtii
1139 3995 1286 4048 Halieutica
1293 4005 1322 4063 p.
1338 4009 1379 4057 31.

270 4084 354 4130 31—44
370 4076 460 4119 extant
476 4068 502 4118 in
519 4067 731 4132 Dcflorationihus
744 4067 908 4120 Atrebatensi
920 4069 963 4130 65,
979 4068 1102 4118 Parisino
1119 4081 1212 4133 17903,
1227 4065 1292 4118 Brit.
1307 4065 1378 4116 Mus.

235 4142 329 4204 18459‚
346 4138 391 4189 sed
407 4139 446 4190 ita
466 4148 493 4188 ut
512 4140 597 4190 omissi
607 4138 710 4204 fiterint
726 4139 752 4190 in
766 4138 885 4191 Atrebar.
902 4149 925 4190 et
943 4138 1030 4189 Paris.
1048 4153 1087 4204 35,
1104 4139 1144 4204 36,
1158 4154 1200 4204 41,
1215 4153 1257 4203 42,
1270 4136 1297 4187 in
1310 4135 1380 4187 Brit.

253 4226 265 4259 2
380 4237 399 4244 -
419 4224 443 4259 2.

235 4225 247 4272 3
268 4224 433 4399 ἒῐῖἷῖἒέπιΐηι
442 4280 607 4348 paragraphi
618 4281 648 4332 s
651 4279 770 4333 Desinet
782 4280 808 4331 in
823 4281 875 4331 Vat.
959 4279 1060 4330 humor
1077 4278 1146 4331 codd.
1158 4289 1182 4332 et
1194 4277 1381 4343 Deflorationes

233 4366 314 4402 umor
351 4369 434 4401 tessus.

271 4437 311 4484 32·
333 4421 496 4488 Cunctaque
510 4421 606 4486 Destor.
620 4423 698 4473 Paris
769 4431 897 4489 tempora
906 4433 953 4489 pro
965 4418 1073 4473 lumina
1086 4420 1119 4471 H.

271 4508 312 4555 33.
332 4492 399 4544 Pars
415 4492 437 4541 F
446 4494 534 4543 Paris.
