3038 5010
585 378 931 440 COMMENTARIVS.
1276 385 1333 442 159

183 532 360 605 ἐρωτήσαντος
376 535 453 588 αιἰτδν
470 533 496 589 τί
513 534 563 603 άρα
580 534 696 590 δοκεῖτὸ
715 534 832 604 δεῖπνον;
853 536 933 590 εἰπεῖν
950 536 1044 604 φασίν,
1057 531 1092 587 Ὠ
1110 537 1231 601 βασιλεῦ,
1248 537 1332 591 πάντα

182 608 340 661 πολυτελῶς·
358 605 410 659 έδει
427 605 456 658 δέ
473 607 566 659 λοιπόν
578 606 695 676 κεφαλὴν
707 608 842 673 σατράπου
857 608 925 662 τινὸς
940 605 1149 675 παρατεθεῖσθαι·
1167 605 1333 675 άποῤῥίπτων

181 677 247 746 πρός
264 678 308 731 τόν
320 674 498 744 Νικοκρέοντα.
524 677 538 728 ό
555 675 583 729 δέ
599 675 791 746 μνησικακήσας
807 676 869 743 μετά
886 677 932 744 τὴν
944 676 1066 736 τελευτὴν
1077 680 1123 730 τοῦ
1135 677 1275 739 βασιλέως,
1288 675 1332 731 ὅτε

182 745 269 800 πλέων
281 745 408 801 ἀκουσίως
425 745 591 816 προσηνέχθη
609 749 640 814 τῇ
659 745 754 818 Κύπρῳ
772 749 787 800 ό
801 745 969 817 Ἀνάξαρχος,
986 747 1130 810 συλλαβών
1146 747 1222 800 αὐτόν
1236 748 1277 800 καί
1295 749 1332 804 εἷς

183 815 265 884 ὅλμον
276 817 375 883 βαλών,
388 815 508 870 ε’κέλευσε
526 817 642 886 σιδηροῖς
659 817 763 887 ὑπέροις
780 816 931 872 τύπτεσθαι·
949 818 995 871 τὸν
1007 817 1035 869 δέ
1052 817 1082 871 οὗ
1119 817 1273 884 ροντίσαντα
1285 819 1332 885 τῆς

182 887 305 955 τιμωρίας
321 887 400 941 εἰπεῖν
417 886 497 941 έκεῖνο
516 887 547 956 δὴ
565 888 595 941 τδ
613 889 825 956 περιφερόμενον,
843 888 948 942 Πτίσσε
968 888 1013 941 τδν
1031 885 1092 941 Ἀνα
1110 887 1192 957 άρχου
1210 886 1331 956 θύλακον,

181 953 343 1027 Ἀνάξαρχον
354 957 381 1010 δέ
401 956 431 1010 οὗ
448 955 577 1024 πληττεις.
602 957 772 1013 κελεύσαντος
788 958 816 1011 δέ
834 962 881 1013 τοῦ
893 958 1078 1027 Νικοκρέοντος
1097 959 1137 1010 καὶ
1155 958 1201 1024 τὴν
1212 959 1332 1026 γλῶτταν

182 1027 261 1080 αὐτοῦ
273 1027 433 1095 ἐκτμηθῆναι,
445 1028 527 1098 λόγος
537 1027 717 1097 ἀποτραγόντα
728 1026 856 1097 ε’μπτύσαι
869 1029 946 1098 αὐτῷ.
982 1029 1043 1083 Val.
1056 1029 1133 1082 Max.
1144 1027 1181 1082 iii.
1193 1043 1217 1095 3.
1227 1043 1245 1093 4
1256 1031 1331 1098 Ext,

184 1096 265 1151 Philo
278 1114 305 1166 p.
315 1098 375 1165 881,
390 1097 448 1152 Cic.
459 1099 541 1153 Tusc.
556 1097 584 1152 ii.
597 1113 640 1153 22.
656 1110 696 1166 52,
710 1098 746 1152 de
760 1100 796 1152 N.
809 1101 845 1152 D.
856 1098 893 1152 iii.
905 1113 947 1166 33.
960 1099 1003 1152 82.
1034 1097 1195 1152 Tertullian.
1210 1099 1330 1167 Apolog.

185 1178 235 1235 532
246 1167 344 1235 Migne
353 1167 547 1222 Anaxarchus
558 1185 621 1222 cum
633 1170 664 1221 in
676 1170 796 1223 exitium
804 1171 937 1239 ptisanae
945 1169 1008 1238 pila
1020 1169 1195 1235 tunderetur,
1205 1169 1330 1237 Tunde,

183 1237 309 1306 Tunde,
330 1238 429 1306 aiebat,
448 1237 639 1292 Anaxarchi
664 1238 797 1305 follem3
822 1239 1030 1293 Anaxarchum
1050 1240 1126 1291 enim
1146 1255 1203 1291 non
1224 1240 1331 1295 tundis.

183 1306 256 1362 Vide
275 1324 347 1376 quae
365 1308 403 1362 ad
422 1307 507 1376 Diog.
528 1309 557 1362 L.
578 1309 613 1363 ix.
635 1310 667 1376 58
686 1308 828 1376 congessit
848 1308 1007 1377 Menagius.
1045 1310 1166 1361 Nonnus
1187 1308 1224 1361 ad
1245 1310 1330 1377 Greg.

185 1379 290 1432 Inuect.
314 1390 344 1446 15
365 1379 402 1432 ab
420 1379 560 1433 Archelao
581 1379 666 1433 tradit
689 1379 843 1434 cruciatum
862 1379 1062 1433 Anaxarchum
1073 1397 1081 1444 ;
1105 1378 1135 1431 id
1156 1377 1232 1448 quod
1252 1379 1329 1433 nullo

183 1447 269 1501 modo
283 1447 341 1503 fieri
354 1447 444 1529 potuit
458 1448 614 1517 (Bentleius
627 1449 664 1502 ad
678 1450 755 1503 Phal.
770 1466 797 1518 p.
808 1448 864 1517 95).
935 1452 1001 1514 pfla
1013 1448 1153 1502 mortario.
1226 1453 1328 1502 minu-

183 1520 247 1572 aris
266 1517 465 1572 comminuetis
485 1517 566 1587 ‘may
580 1536 636 1587 you
654 1519 691 1572 be
710 1519 831 1574 crushed
849 1519 947 1572 small!
985 1521 1015 1572 F.
1031 1518 1057 1572 ii.
1072 1519 1123 1585 647
1136 1519 1231 1589 Ligna
1248 1536 1334 1573 senen

182 1589 295 1656 minuit,
307 1590 415 1642 concc'sa
434 1605 469 1642 ue
479 1590 619 1643 construit
629 1595 696 1643 arte.
770 1593 839 1646 572.
857 1593 986 1654 Ictaque
998 1599 1089 1643 tunsa.
1155 1593 1330 1653 proselitis

181 1660 327 1723 frugibus
339 1659 402 1713 loco
413 1605 525 1727 hugum
538 1676 610 1728 quae
623 1658 661 1712 ibi
675 1659 755 1713 tundi
768 1661 868 1714 solent.
973 1663 1042 1724 573,
1054 1661 1083 1713 4.
1102 1659 1187 1728 Quod
1200 1658 1329 1714 uiderant

184 1729 277 1783 Schol.
292 1738 320 1783 et
333 1728 476 1783 Domitius
489 1728 518 1782 in
531 1740 683 1783 comment.
696 1730 733 1783 ad
746 1731 807 1798 hl,
821 1731 955 1799 pleraque
968 1728 996 1783 in
1009 1730 1064 1782 hoc
1076 1728 1198 1782 disticho
1211 1740 1329 1798 excepto

182 1798 298 1853 nomine
311 1799 479 1854 Psamathes
495 1799 665 1854 conueniunt
678 1800 790 1854 fabulae
808 1817 895 1870 quam
913 1810 1008 1855 narrat
1022 1798 1141 1853 Ouidius
1156 1801 1195 1852 M.
1210 1799 1245 1853 iv.
1263 1815 1331 1868 190-

183 1883 199 1921 2
203 1881 216 1937 5
221 1880 243 1936 5,
258 1868 421 1924 Lactantius
436 1871 549 1924 Narrat.
560 1869 595 1924 iv.
607 1882 629 1938 5,
643 1872 809 1939 Anonymus
823 1888 867 1940 ap.
880 1871 1008 1938 Mythog.
1021 1871 1120 1925 Graec.
1130 1871 1329 1924 Westermann

182 1955 210 2007 p.
224 1939 284 2005 348.
315 1938 411 1994 Ἥλιος
424 1939 552 2006 Λευκοθόη
565 1942 595 2007 τῇ
608 1939 768 2009 Ὀρχομένου
783 1941 811 2007 (l.
824 1937 969 2009 Ὀρχάμου)
982 1941 1084 2008 μιγῆναι
1101 1938 1214 2007 θελήσας
1232 1939 1268 1994 είς
1285 1940 1332 2007 τὴν

202 2009 279 2076 ητέρα
291 2010 335 2075 τῆς
346 2009 528 2079 προειρημένης
538 2010 735 2080 μετεμορφώθη.
752 2008 846 2077 ταύτην
858 2012 872 2062 ό
884 2010 968 2079 πατὴρ
981 2011 1067 2076 ζῶσαν
1079 2008 1332 2079 κατώρυξεν,Ἢλιος

182 2030 212 2132 δὲ
229 2078 266 2133 είς
283 2078 389 2147 δένδρον
401 2081 582 2149 λιβανοφόρον
594 2081 791 2149 μετεμόρφωσε,
804 2079 915 2148 ποιησας
933 2081 961 2133 ε’κ
978 2084 1025 2134 τοῦ
1043 2080 1128 2149 τάφον
1147 2079 1224 2146 αὐτῆς
1242 2082 1331 2149 φῦναι,

183 2147 229 2229 τὴν
245 2148 273 2202 δέ
291 2148 407 2219 ἀδελφὴν
423 2150 501 2216 αὐτῆς
519 2149 554 2204 εἷς
571 2151 638 2204 πόαν
652 2149 820 2217 ἡλιοτρόπιον
834 2151 876 2204 διὰ
893 2152 923 2204 τό
940 2151 1114 2220 κατηγορῆσαι
1130 2149 1213 2215 αὐτῆς.
1252 2151 1331 2205 Bene

184 2234 259 2272 enim
281 2235 345 2272 cum
366 2219 460 2273 uerbis
482 2223 596 2274 condat
616 2225 648 2273 te
669 2222 815 2275 Phoebus
835 2224 871 2274 m
891 2224 956 2275 ima
976 2224 1108 2274 Tartara
1131 2223 1214 2284 quod
1237 2227 1331 2274 natae

182 2290 300 2344 fecerat
316 2293 371 2343 ille
389 2305 464 2344 suae
483 2289 654 2344 conueniunt
675 2292 714 2345 M.
729 2290 763 2345 iv.
778 2303 829 2358 237
842 2291 896 2345 Ille
914 2290 1027 2360 (parens
1046 2289 1233 2356 Leucothoes)
1243 2291 1335 2360 seron

183 2360 430 2428 inmansuetusque
437 2364 598 2429 precantem
615 2361 834 2430 Tendentemque
845 2378 948 2415 manus
961 2363 1002 2415 ad
1014 2361 1126 2415 lumina
1142 2361 1209 2414 solis
1224 2367 1252 2414 et
1264 2360 1334 2415 ‘llle

189 2429 250 2482 Vz'rn
268 2430 338 2483 tulit
354 2431 459 2483 iratae’
477 2431 610 2484 dicentem
629 2431 757 2485 defodit
776 2432 844 2486 alta
865 2432 991 2486 Crudus
1009 2431 1115 2496 humo,
1135 2432 1332 2500 tumulumque

182 2502 269 2568 super
278 2501 383 2570 grauis
395 2500 477 2554 addit
488 2500 627 2554 harenae:
648 2501 724 2570 quod
736 2511 831 2556 autem
844 2501 873 2555 in
887 2504 1004 2556 Metam.
1018 2517 1075 2554 non
1088 2500 1197 2554 addidit
1212 2501 1331 2554 Ouidius

183 2579 292 2637 patrem
307 2570 482 2624 Leucothoes
500 2570 593 2651 ipsum
610 2570 787 2626 interfectum
803 2571 899 2640 fuisse,
914 2572 944 2625 id
962 2588 998 2624 ne
1018 2571 1053 2624 de
1073 2573 1196 2640 Crotopo
1216 2571 1330 2640 quidem

184 2637 238 2693 nisi
251 2657 285 2694 ex
297 2641 352 2693 hoc
364 2640 427 2694 loco
442 2640 531 2694 lbid1s
544 2651 662 2696 constat.
701 2641 823 2696 Praetuli
836 2651 932 2696 tamen
946 2641 1168 2697 Scholiastarum
1182 2642 1208 2694 G
1221 2650 1248 2695 et
1261 2642 1330 2696 Ask.

184 2708 452 2779 interpretationem,
465 2710 594 2780 quamuis
613 2711 776 2777 haesitans;
795 2729 859 2765 cum
876 2711 905 2765 in
922 2719 1057 2780 sequente
1075 2710 1196 2764 disticho
1213 2711 1249 2764 de
1263 2713 1331 2765 Cro·

183 2787 251 2848 topo
263 2779 397 2834 transitus
411 2780 459 2834 fiat
472 2781 509 2835 ad
520 2781 688 2848 Coroebum,
698 2783 724 2836 h.
734 2799 758 2836 e.
769 2782 806 2836 ad
819 2781 946 2835 eiusdem
958 2780 1070 2834 fabulae
1083 2781 1200 2833 alteram
1212 2790 1332 2849 partem.

183 2852 251 2905 573.
273 2857 395 2914 patrem
419 2854 605 2906 Psamathes
630 2853 793 2920 Crotopum,
817 2851 865 2921 qui
889 2851 976 2904 filiam
1002 2851 1182 2917 Psamathen,
1209 2849 1271 2904 Lini
1297 2868 1331 2904 ex

184 2920 300 2974 Phoebo
318 2929 446 2988 matrem,
459 2920 577 2975 interfici
596 2921 684 2975 iussit.
723 2923 805 2975 Paus.
819 2921 835 2975 i.
849 2936 893 2988 43.
906 2935 921 2987 7
935 2917 993 2973 Ἐπὶ
1007 2922 1147 2988 Κροτώπου
1164 2919 1287 2988 λέγουσιν
1303 2921 1331 2974 ἐν

176 2985 271 3060 Ἀργει
287 2988 475 3051 βασιλεύοντος
490 2991 613 3060 Ψαμάθην
629 2991 675 3058 τὴν
688 2994 827 3061 Κροτώπου
845 2993 925 3045 τεκεῖν
942 2990 1021 3044 παῖδα
1039 2989 1069 3055 ἐξ
1080 2987 1255 3052 Ἀπόλλωνος,
1273 2990 1332 3059 ε’χο-

182 3060 260 3127 μένην
276 3059 304 3112 δέ
322 3060 437 3130 ἰσχυρῶς
453 3064 499 3114 τοῦ
517 3062 613 3130 πατρὸς
632 3060 730 3131 δείματι
748 3062 792 3115 τὸν
805 3062 885 3115 παῖδα
903 3060 1020 3114 ἐκθεῖναι.
1044 3060 1085 3113 καὶ
1101 3059 1203 3126 τὸνμὲν
1215 3059 1332 3129 διαφθεί-

182 3149 275 3199 ρουσιν
288 3129 453 3199 ἐπιτυχόντες
470 3130 498 3183 έκ
514 3133 559 3197 τῆς
576 3130 682 3201 ποίμνης
700 3129 771 3186 κύνες
787 3132 833 3198 τῆς
850 3133 999 3220 Κροτώπου,
1012 3130 1150 3183 Ἀπόλλων
1164 3129 1192 3181 δέ
1205 3125 1332 3198 Ἀργείοις

183 3199 211 3254 ές
221 3198 268 3267 τὴν
275 3201 354 3254 πόλιν
362 3202 456 3268 πέμπει
468 3200 572 3269 Ποινήν·
588 3200 681 3268 ταύτην
689 3201 750 3256 τοὺς
760 3202 853 3256 παῖδας
865 3202 915 3255 απὸ
927 3205 977 3254 τῶν
985 3199 1101 3269 μητέρων
1110 3198 1193 3269 φασὶν
1202 3199 1331 3266 ἁρπάζειν,

183 3269 210 3325 r's
222 3268 236 3322 δ
249 3271 377 3340 Κόροιβος
388 3270 416 3326 ἐς
426 3273 503 3340 χάριν
513 3269 641 3340 Ἀργείοις
652 3270 755 3342 φονεύει
768 3270 813 3339 τὴν
822 3270 918 3338 Ποινήν
928 3270 999 3339 (575,
1009 3270 1048 3338 6).
1087 3269 1129 3324 Cf.
1141 3269 1227 3322 Anth.
1243 3270 1273 3323 P.
1284 3269 1330 3325 vii.

186 3353 243 3408 154.
282 3340 339 3394 Sed
354 3341 508 3410 Crotopum
520 3340 613 3410 ipsum
626 3352 674 3396 aut
687 3359 720 3396 ex
733 3340 861 3396 immissa
874 3343 970 3395 Poena
983 3350 1030 3393 aut
1047 3338 1102 3393 alio
1120 3355 1176 3408 quo
1193 3339 1331 3407 supplicio

183 3409 301 3479 periisse
319 3427 376 3463 non
395 3410 527 3480 comperi.
568 3413 734 3480 Sepulcrum
752 3411 812 3466 eius
831 3411 914 3480 Argis
933 3411 1003 3465 uidit
1023 3408 1178 3463 Pausanias
1197 3408 1223 3462 ii.
1244 3424 1284 3476 23.
1305 3422 1330 3476 7.

184 3483 219 3534 in
230 3484 296 3535 ima
306 3484 439 3535 Tartara
450 3499 485 3535 ex
496 3490 592 3536 mente
606 3481 701 3536 Ouidii
714 3482 743 3535 in
758 3482 828 3536 Ibin.
905 3484 973 3537 574.
991 3486 1084 3534 natae
1096 3482 1213 3533 fecerat
1224 3489 1254 3533 ut
1268 3481 1333 3532 uati

184 3551 341 3620 quadsecit
350 3550 463 3604 Achaeo
478 3563 535 3619 541.
575 3554 643 3607 Con.
657 3552 703 3605 xix
713 3550 748 3605 ‘H
762 3552 789 3605 δέ
802 3551 1007 3620 ὑπερπαθησοσα
1020 3552 1170 3619 κατάφωρος
1182 3549 1278 3619 γίνεται
1294 3549 1331 3620 τηῖ

184 3621 262 3687 πατρὶ
285 3620 326 3674 καὶ
351 3620 464 3686 δικάζει
487 3621 560 3688 αὐτῇ
584 3621 721 3689 θάνατον,
742 3622 931 3692 πεπορνεῦσθαι
956 3622 996 3673 καὶ
1020 3619 1228 3689 καταψεύδεσθαι
1252 3619 1331 3686 αὐτὴν

184 3687 349 3746 ’Λπόλλωνος
361 3689 461 3758 οἰηθείς.
499 3692 569 3746 Stat.
583 3693 616 3747 T.
630 3692 646 3747 i.
663 3705 713 3761 594
728 3693 859 3746 Occurrit
875 3693 997 3762 consessa
1010 3692 1113 3761 patri:
1133 3706 1182 3743 nec
1199 3696 1291 3743 motus
1305 3695 1333 3744 et

184 3765 248 3814 atro
263 3762 392 3830 Imperat
409 3760 583 3830 (infandum)
599 3765 754 3832 cupientem
767 3779 909 3817 occurrere
924 3763 985 3817 leto.
1043 3763 1112 3817 575.
1130 3763 1228 3824 pestis
1241 3759 1330 3828 Ποινή.

184 3830 259 3884 Vide
272 3832 366 3885 locum
382 3831 540 3886 Pausaniae
557 3831 673 3888 citatum
691 3833 728 3886 ad
747 3845 805 3901 573.
843 3818 898 3901 Κάρ
912 3831 1013 3886 dicitur
1025 3832 1111 3886 Anth.
1126 3832 1157 3885 P.
1170 3830 1215 3885 vii.
1233 3843 1290 3899 154.
1304 3845 1330 3899 3.
1362 3844 1366 3849 ’

186 3900 292 3956 Statius
314 3901 355 3955 sic
375 3901 524 3970 descripsit
546 3904 578 3956 T.
598 3902 615 3956 i.
637 3904 686 3971 598
707 3905 756 3956 cui
775 3904 900 3973 uirginis
920 3919 971 3956 ora
988 3904 1166 3970 Pectoraque,
1185 3907 1331 3955 aeternum

184 3972 305 4025 studens
325 3989 344 4024 a
368 3973 471 4026 uertice
489 3975 587 4043 surgit
602 3974 644 4026 Et
655 3973 855 4043 ferrugineam
869 3973 997 4042 srantem
1018 3973 1198 4025 discriminat
1217 3974 1329 4042 anguis.

186 4044 420 4106 Argolicisque:
439 4043 595 4096 notandum
608 4059 662 4112 que
672 4053 737 4112 post
749 4043 863 4097 tertium
876 4044 990 4097 demum
1005 4042 1174 4096 uocabulum
1191 4042 1329 4110 additum,

185 4111 263 4180 quod
274 4128 331 4164 non
344 4128 438 4165 rarum
452 4112 555 4166 Ouidio
568 4113 596 4166 in
611 4113 704 4167 Fastis
717 4113 857 4168 Tristibus
870 4113 1007 4183 Epistulis
1021 4112 1056 4166 de
1070 4114 1178 4166 Ponto:
1199 4121 1226 4165 et
1236 4113 1331 4182 Argo·

184 4181 248 4236 licis
259 4198 310 4250 pro
322 4181 447 4252 Argiuis
465 4183 541 4251 quod
559 4199 658 4237 uereor
675 4193 706 4236 ut
720 4183 851 4239 Latinum
868 4183 911 4238 sit.
948 4185 993 4236 An
1006 4182 1181 4253 Argoliszn?
1212 4183 1288 4234 Nam
1302 4181 1331 4235 in

186 4261 290 4306 matres
303 4251 453 4320 praecipue
468 4254 563 4306 Poena
576 4253 728 4308 Saeuiebat.
801 4257 868 4309 577.
885 4270 983 4318 nepos
994 4255 1140 4319 Aethrae,
1151 4250 1332 4319 Hippolytus.

185 4325 319 4376 Veneris
335 4325 543 4376 moribundus
561 4327 602 4378 ob
619 4327 701 4377 iram
718 4333 795 4378 recte
814 4323 983 4392 Saluagnius
1001 4322 1122 4392 explicat
1141 4338 1174 4374 ex
1194 4322 1224 4373 F.
1238 4339 1264 4373 v.
1278 4333 1331 4386 309

185 4393 341 4461 Hippolyte
363 4393 472 4462 insenos,
494 4393 579 4446 uelles
599 4395 715 4463 coluisse
731 4395 851 4461 Dionen,
872 4395 943 4448 Cum
964 4393 1148 4446 consternatis
1166 4390 1334 4458 diripereris

185 4463 264 4532 equis
276 4471 304 4519 et
314 4461 458 4538 Euripidis
469 4462 632 4533 Hippolyto.
670 4463 837 4533 Hipp.14oo
848 4471 918 4518 APT.
933 4461 1030 4532 Κύπρις
1041 4463 1091 4534 γὰρ
1104 4460 1119 4527 ἡ
1131 4463 1276 4528 πανοῦργος
1287 4453 1332 4512 ὧδ’
