3038 5010
548 394 894 455 COMMENTARIVS.
1239 386 1296 458 1'35'

149 552 187 644 sis
206 548 403 632 explicarenirl
418 549 461 605 ‘et
482 549 528 604 hic
549 552 610 605 Irus
631 554 693 606 tibi
708 555 809 606 maior
830 559 1008 606 accrescente
1030 553 1138 633 syllaba
1159 551 1211 635 erit
1227 549 1298 624 Ἶρος

148 623 530 762 quogerttffiicxtrqudsyqbatzrbre.
542 623 964 763 sibbririilstibiluelil’teireriiqrieiuurs
983 624 1296 762 tiblrliiiriiiiorlibbieiiitiril,

149 781 213 817 cum
232 763 292 832 ipse
309 762 348 817 sis
365 764 442 816 iuter
451 779 551 816 rnuees
567 765 686 816 ultimus
698 765 856 833 rogatores,'
869 765 914 818 uel
928 762 967 831 (3)
982 763 1043 832 ‘qui
1057 763 1107 818 tibi
1122 766 1183 818 Irus
1196 767 1296 834 muter,

148 844 178 888 ut
191 844 221 888 tu
236 835 297 887 Irus
311 835 406 887 mium
416 832 486 887 eris'
502 833 604 887 eodem
621 850 706 887 sensu
719 850 775 903 quo
793 835 903 888 Seneca
915 833 984 888 dixit
1003 837 1040 888 H.
1055 836 1091 888 O.
1106 836 1171 901 1787
1186 838 1297 906 Siquis

149 906 245 957 minu
265 905 381 958 Busiris
404 909 456 957 aut
478 905 506 957 si
528 905 592 973 quis
616 906 711 957 maner
732 905 863 958 Antaeus
886 906 913 958 h.
934 922 957 959 e.
984 904 1159 972 cognominis
1184 906 1223 960 sis
1250 909 1296 961 Iro

148 976 277 1043 Vlysseo,
302 974 380 1029 cuius
404 983 435 1029 tu
459 973 637 1043 quasi'filius
668 975 714 1028 uel
743 992 832 1044 nepos
861 974 908 1043 sis,
933 990 1054 1045 eumque
1078 978 1211 1029 mm'erem
1236 976 1297 1031 siue

149 1045 289 1099 seniorem
307 1062 376 1114 prae
392 1054 420 1098 te
435 1043 543 1098 iuniore
559 1044 687 1099 uindices
700 1044 773 1098 ‘and
788 1063 843 1113 you
861 1046 932 1099 shall
950 1046 1018 1099 hold
1036 1045 1095 1099 him
1115 1063 1185 1115 your
1203 1047 1298 1101 senior

149 1115 178 1169 in
191 1117 239 1170 the
251 1130 336 1169 name
344 1117 362 1169 :’
374 1115 420 1169 uel
435 1114 473 1183 (4)
487 1115 564 1185 quod
576 1114 672 1169 elicias
684 1133 719 1169 ex
731 1118 816 1170 Rosc.
824 1117 887 1169 Am.
900 1128 941 1184 35.
954 1131 1003 1169 100
1014 1116 1098 1170 habeo
1109 1120 1195 1171 etium
1207 1119 1297 1172 dicere

148 1203 229 1255 quem
250 1192 348 1239 centra
373 1202 476 1239 morem
497 1187 638 1239 meierum
663 1188 798 1239 minorem
823 1189 907 1240 aunis
930 1189 1080 1257 sexaginta
1103 1188 1137 1241 de
1154 1192 1242 1257 pente
1264 1190 1297 1242 iu

153 1257 273 1310 Tiberim
292 1257 420 1310 deiecerit
439 1256 501 1326 ‘qui
525 1260 586 1310 tibi
610 1256 639 1309 in
660 1267 740 1310 tuum
764 1256 946 1311 infortunium
970 1261 1071 1311 maior
1094 1258 1146 1312 erit
1166 1258 1247 1312 annis
1269 1260 1297 1312 lx

149 1326 268 1397 ideoque
286 1327 314 1380 in
331 1328 435 1380 flumen
454 1325 606 1396 deicietur,’
626 1327 703 1396 quod
721 1327 820 1381 melius
840 1345 908 1382 sane
921 1326 958 1381 ad
971 1331 1095 1392 Quique
1112 1334 1199 1382 tenet
1211 1346 1296 1398 quam

149 1397 186 1451 ad
196 1401 242 1451 Iri
254 1398 398 1452 referatur.
435 1397 513 1450 ‘And
526 1415 592 1466 may
599 1415 654 1466 you
667 1399 740 1452 have
749 1397 862 1452 besides
873 1399 921 1452 the
930 1398 995 1451 luck
1005 1399 1037 1452 of
1045 1401 1106 1452 Irus
1119 1400 1167 1453 the
1181 1399 1296 1453 double-

150 1467 262 1536 named,
276 1468 332 1521 and
345 1468 378 1521 of
390 1469 438 1522 the
450 1467 557 1536 beggar
569 1469 630 1522 that
643 1469 746 1522 haunts
756 1469 804 1522 the
817 1468 916 1536 bridge
928 1488 935 1534 ;
954 1469 1011 1522 and
1017 1486 1095 1538 yeur
1105 1470 1212 1538 beggar
1224 1470 1297 1523 shall

147 1538 185 1592 be
203 1539 251 1593 old
269 1540 381 1607 enough
400 1550 429 1592 to
447 1539 483 1592 be
506 1538 534 1591 in
548 1537 655 1608 danger
667 1539 699 1593 of
713 1538 800 1607 being
817 1540 925 1593 thrown
944 1556 1012 1593 over
1030 1539 1051 1593 it
1070 1540 1128 1594 and
1146 1540 1297 1594 drowned'

151 1609 300 1677 Ingeniose
313 1609 368 1663 Ad.
383 1609 536 1663 Neubauer
547 1613 603 1674 qui
617 1607 712 1679 (pons)
725 1613 786 1664 tibi
797 1614 907 1664 mabor
919 1623 998 1679 napis
1010 1614 1078 1678 erit,
1091 1611 1151 1665 he.
1169 1627 1254 1679 quem
1266 1621 1296 1665 tu

147 1679 239 1748 patrio
257 1679 372 1733 nomine
390 1696 447 1733 non
466 1689 496 1733 ut
515 1679 637 1733 Romani
656 1690 780 1749 pontem,
800 1680 852 1734 sed
868 1690 898 1734 ut
915 1696 987 1734 unus
1000 1698 1016 1734 e
1028 1681 1111 1750 plebe
1126 1681 1296 1734 Iudaeorum

150 1749 293 1803 Hebraico
312 1750 450 1804 uocabulo
469 1764 546 1819 7:922
565 1751 730 1820 appellabis.
774 1751 858 1819 Quod
877 1750 900 1804 si
919 1767 1015 1804 uerum
1035 1761 1087 1820 est,
1105 1761 1153 1805 aut
1174 1752 1296 1806 Iudaeus

147 1820 199 1874 fuit
214 1820 272 1874 Ibis
285 1831 333 1875 aut
346 1832 422 1875 certe
434 1839 469 1874 ex
480 1820 594 1890 regione
608 1820 741 1888 Orientis,
754 1821 873 1875 fortasse
886 1820 1050 1890 Aegyptius.
1110 1824 1176 1876 419.
1194 1825 1297 1876 Filius

149 1893 272 1945 Cereris
289 1901 319 1945 ut
339 1891 445 1960 primus
464 1890 599 1946 intellexit
618 1893 684 1946 Ant.
699 1893 808 1945 Urceus
829 1892 946 1960 Codrus,
960 1901 1032 1946 teste
1053 1893 1149 1946 Const.
1163 1894 1186 1946 F
1188 1893 1296 1962 anensi‚

147 1972 191 2015 est
202 1963 299 2016 Plutus
313 1962 382 2016 deus
396 1961 566 2016 diuitiarum.
594 1964 665 2016 Hes.
675 1962 783 2031 Theog.
793 1962 846 2031 969
855 1961 976 2030 Δημήτηρ
988 1963 1036 2030 μὲν
1044 1965 1166 2015 Πλοῦτον
1174 1962 1297 2033 ε’γείυατο,

148 2031 190 2086 δῖα
212 2033 300 2098 θεάων,
322 2031 409 2103 'laetiq’
428 2033 491 2100 ἥρωϊ
509 2033 606 2102 μιγεῖσ’
627 2033 702 2101 ἐρατῇ
722 2035 845 2100 φιλότητι
866 2032 934 2102 Νειῴ
953 2034 989 2084 ἔνι
1008 2035 1132 2102 τριπόλῳ,
1150 2032 1251 2102 Κρήτης
1269 2034 1298 2087 e'r

147 2102 216 2156 πίονι
234 2102 313 2175 δήμῳ.
351 2102 494 2156 Diodorus
519 2122 545 2158 v.
569 2116 601 2170 77
630 2104 701 2157 duas
730 2120 831 2157 causas
858 2102 982 2156 nominis
1009 2103 1082 2158 Pluti
1110 2102 1209 2172 adfert,
1236 2103 1296 2158 siue

148 2173 178 2225 τὸ
195 2176 287 2227 πλεῖον
308 2178 359 2227 τῶν
383 2175 481 2242 ἱκανῶν,
504 2173 564 2228 siue
589 2175 664 2244 quod
690 2173 863 2228 coaceruatis
886 2172 991 2227 diuitiis
1011 2174 1082 2244 plus
1103 2191 1215 2243 semper
1239 2175 1296 2229 fiat.

147 2245 267 2298 frustra
287 2250 411 2299 omettrr
431 2245 533 2299 frustra
555 2262 573 2299 a
596 2255 624 2299 te
650 2244 797 2298 inuocetur
819 2255 849 2298 ut
874 2244 903 2297 in
924 2254 1002 2298 tuam
1025 2245 1141 2298 domum
1160 2245 1298 2298 ἐπείσοδον

149 2313 248 2383 (Soph.
267 2315 300 2369 fr.
320 2315 383 2396 252)
404 2315 507 2369 faciat:
536 2315 572 2370 de
594 2332 650 2385 qua
671 2332 701 2369 re
721 2316 758 2369 cf.
779 2314 978 2384 Aristophanis
998 2316 1110 2369 Plutum
1130 2325 1158 2370 et
1180 2314 1296 2369 Luciani

148 2385 319 2440 Timonem..
343 2387 415 2439 Tlm.
438 2386 472 2440 26
492 2390 552 2440 Πῶς
572 2387 673 2455 τυφλὸς
690 2385 725 2438 ὢν
747 2423 755 2439 .
774 2425 781 2440 .
800 2425 807 2439 .
827 2384 968 2440 τοσούτους
985 2385 1117 2455 ἐραστὰς
1134 2388 1219 2456 ἔχεις;
1240 2383 1298 2439 οἶδα

147 2459 211 2524 γοῦν
223 2476 292 2510 τινας
305 2456 350 2509 οὒκ
362 2455 466 2525 ὀλίγους
477 2456 559 2510 αὐτῶν
571 2455 637 2509 οὕτω
650 2478 699 2510 σου
712 2455 885 2526 δυσέρωτας
897 2455 972 2511 ὄντας
984 2457 1052 2509 ὥστε
1064 2457 1105 2509 καὶ
1117 2457 1144 2512 ε’ς
1152 2456 1298 2524 βαθυκήτεα

147 2528 241 2578 πόντον
258 2523 381 2596 φέροντες
400 2525 514 2597 ἕρῤιψαυ
531 2525 630 2580 αὑτούς.
748 2529 820 2580 420.
839 2531 1000 2581 Destituut
1017 2543 1092 2591 opes
1112 2527 1207 2581 ‘leave
1227 2544 1298 2596 your

147 2596 258 2650 fortune
271 2595 299 2649 in
317 2598 366 2651 the
381 2597 476 2650 lurch'
495 2597 550 2651 alio
563 2614 594 2652 se
607 2613 719 2666 semper
731 2598 856 2652 conferat
873 2615 927 2652 nec
945 2607 974 2656 te
987 2597 1070 2651 adeat
1083 2616 1089 2651 :
1108 2597 1180 2651 mira
1192 2597 1296 2651 locutio

148 2683 233 2736 quam
248 2667 360 2722 uidetur
376 2667 562 2722 adsimulasse
579 2668 617 2721 ad
633 2668 727 2721 notius
745 2671 821 2737 spem
837 2668 992 2722 destituere.
1031 2670 1100 2722 Hes.
1120 2669 1227 2737 Theog.
1244 2681 1295 2736 973

147 2737 183 2807 τῷ
205 2737 232 2789 δὲ
253 2741 358 2807 τυχόντι
379 2740 419 2791 καὶ
441 2737 471 2792 οὗ
491 2737 511 2790 κ’
532 2738 558 2792 ἐς
577 2741 665 2808 χεῖρας
686 2737 777 2806 ἵκηται,
798 2736 872 2791 Τόνθ’
894 2738 1000 2807 ἀφνειὸν
1017 2738 1099 2805 ἔθηκε,
1118 2738 1202 2792 πολύν
1222 2738 1251 2792 τὲ
1272 2740 1297 2791 or‘

147 2807 251 2860 ὤπασεν
263 2807 353 2870 ὄλβον.
393 2808 563 2863 Huiusmodi
577 2818 674 2862 uotum
692 2809 743 2862 sed
757 2818 850 2863 ratum
862 2819 939 2863 extat
952 2808 980 2862 in
993 2810 1018 2862 E
1040 2809 1206 2878 igrammate
1220 2809 1297 2878 quod

147 2877 236 2932 edidit
259 2878 405 2933 Kaibeiius
429 2894 495 2947 1133
512 2875 547 2930 ’o
567 2883 615 2933 Ζεῦ
636 2880 725 2948 πάτερ,
745 2876 800 2931 αἴθε
819 2878 946 2933 πλούσιος
964 2826 1119 2960 ηενέθίμανη
1156 2877 1228 2946 Ἤδη
1249 2879 1296 2946 μὲν

147 2948 193 3016 ἤδη
217 2948 304 3003 πλέον.
347 2948 416 3019 [ἀ]π’
443 2950 493 3020 ἄρα
519 2948 623 3013 βέβακε.
674 2952 719 3003 De
742 2949 815 3003 Pluti
840 2951 916 3003 cultu
945 2949 1099 3018 disputauit
1125 2948 1242 3018 Dilthey
1266 2949 1296 3002 in

147 3018 274 3088 Gotting.
295 3020 357 3073 Ind.
377 3022 472 3075 Schol.
488 3021 562 3089 1879,
582 3019 629 3090 qui
648 3020 744 3074 laudat
765 3022 852 3074 Hom.
873 3020 911 3074 H.
929 3021 992 3074 Cer.
1005 3020 1058 3085 486
1076 3027 1104 3073 et
1124 3019 1296 3074 Homericae

148 3089 292 3143 lresionae
303 3089 422 3146 initium.
529 3095 596 3146 421.
614 3091 710 3144 Verba
728 3090 769 3144 sic
788 3099 926 3158 construe,
944 3093 1050 3154 thue
1067 3094 1154 3143 unda
1170 3093 1296 3144 labente

145 3176 202 3224 per
220 3164 358 3215 alternos
375 3178 522 3216 recursus
540 3162 600 3216 he
620 3161 764 3230 reciproco
779 3161 887 3229 allapsu
903 3170 997 3214 aestus
1014 3177 1184 3229 recursuque
1198 3160 1295 3214 ‘while

145 3231 194 3284 the
207 3249 285 3285 wave
298 3231 388 3300 glides
401 3249 438 3285 on
451 3233 557 3300 ebbing
573 3232 631 3286 and
647 3231 759 3301 flowing
771 3232 954 3299 alternately.³
991 3232 1074 3299 Prop.
1087 3229 1125 3283 iii.
1138 3229 1196 3298 (iv.)
1210 3246 1249 3285 12.
1261 3232 1295 3285 28

145 3301 271 3355 alternes
288 3304 374 3356 scisse
394 3303 528 3373 Cnrybdis
549 3320 644 3372 aquus.
752 3304 824 3355 422.
842 3318 952 3366 presso
976 3300 1092 3370 singulis
1113 3301 1244 3370 passibus
1266 3300 1295 3355 in

145 3372 282 3425 harenam
299 3372 418 3429 sidente.
456 3373 598 3427 Minucius
616 3376 746 3428 octaua
767 3373 848 3427 melli
865 3373 983 3442 uestigio
1000 3372 1095 3425 cedens
1109 3371 1217 3425 herena
1232 3373 1295 3425 sub-

102 3452 112 3485 ··
146 3443 255 3497 sideret.
293 3446 392 3512 Henry
410 3444 556 3498 Aeneidea
574 3443 612 3498 iii.
631 3461 657 3513 p.
677 3443 711 3510 67
731 3443 808 3498 ‘The
827 3442 882 3497 soft
901 3443 972 3496 sand
995 3443 1018 3496 is
1041 3441 1204 3496 withdrawn
1221 3443 1294 3496 from

147 3513 195 3567 the
219 3529 349 3582 pressure
373 3514 406 3567 of
425 3516 474 3568 the
495 3515 563 3581 foot,
588 3514 605 3569 i.
623 3532 648 3568 e.
673 3514 778 3568 affords
802 3529 840 3567 no
859 3515 945 3584 point
962 3513 1081 3582 deppui
1100 3521 1129 3566 to
1151 3513 1200 3566 the
1219 3513 1295 3568 foot.'

146 3585 416 3648 mansuetoque
433 3585 529 3639 nescio
548 3585 699 3655 quomod0‚
713 3594 742 3639 ut
761 3584 808 3638 uix
826 3583 940 3638 sentias
979 3583 1026 3638 Sic
1044 3600 1102 3653 qua
1118 3585 1187 3636 Aen.
1201 3582 1217 3636 i.
1232 3583 1294 3652 680,
1332 3640 1336 3647 ,

147 3669 238 3722 nequa
259 3656 330 3708 Aen.
344 3653 361 3709 i.
374 3656 434 3709 682.
467 3659 619 3720 liquescat
641 3655 712 3710 ‘still
736 3657 804 3710 melt
828 3672 909 3723 away
931 3654 998 3707 And
1019 3653 1073 3722 slip
1094 3653 1221 3707 between
1244 3655 1295 3723 thy

146 3723 256 3792 fingers'
270 3724 326 3792 day
342 3725 380 3794 by
392 3726 464 3794 day'
485 3729 507 3780 Ι.
523 3728 607 3780 lones
621 3725 723 3795 (1658).
871 3727 942 3779 424.
960 3741 1017 3789 per
1034 3727 1154 3778 medias
1171 3741 1293 3780 manus.

148 3794 230 3864 Prop.
244 3794 278 3849 iv.
297 3793 345 3862 (v.)
363 3810 388 3862 4.
402 3811 435 3849 22
454 3797 587 3865 Interque
602 3797 702 3850 oblitas
719 3797 823 3850 excidit
838 3812 913 3849 urna
929 3812 1038 3848 manus.
1075 3797 1188 3849 effluat.
1227 3797 1292 3850 Sen.

147 3865 219 3932 Thy.
234 3866 284 3934 536
296 3867 357 3920 Atr.
372 3867 443 3935 Quis
454 3867 599 3936 influentes
614 3867 689 3920 dena
700 3868 846 3921 Fortunae
861 3868 983 3920 abnuit?
1007 3866 1079 3933 Thy.
1092 3867 1239 3935 Expertus
1254 3871 1295 3920 est

146 3937 313 4005 quicumque
324 3938 504 4007 quemfaeile
514 3938 637 4006 effluunt.
682 3941 753 3991 425.
764 3943 855 4002 pater
865 3936 1054 4005 Erysichthon
1064 3940 1175 3990 solitae
1187 3941 1293 3991 uarias

146 4011 271 4060 mutare
288 4009 407 4072 figuras
426 4010 559 4075 Mestrae,
583 4024 655 4078 quae
677 4017 707 4061 ut
724 4018 834 4076 patrem
851 4017 1020 4061 sustentaret
1036 4006 1197 4075 inexplebili
1217 4008 1293 4061 fame

147 4075 331 4145 laborantem,
345 4078 472 4146 Neptuni
490 4079 565 4131 dono
578 4095 595 4132 a
608 4095 663 4147 quo
676 4094 839 4147 compressa
853 4088 921 4145 erat,
935 4077 963 4131 in
980 4077 1073 4130 uarias
1087 4077 1189 4146 figuras
1202 4094 1293 4147 equae

146 4145 220 4201 alitis
230 4147 312 4201 bouis
325 4147 400 4201 cerui
414 4166 444 4202 se
456 4148 683 4216 transformabat,
692 4157 776 4217 atque
786 4149 840 4201 hoc
853 4148 939 4201 modo
951 4148 1032 4201 nouis
1046 4164 1158 4216 semper
1169 4146 1292 4201 dominis

146 4218 320 4272 uenumdata
331 4218 421 4287 pretio
434 4218 476 4272 sui
494 4228 640 4288 parentem
656 4219 749 4272 alebat
764 4219 846 4286 (Met.
859 4218 915 4272 viii.
929 4219 1072 4285 847-874).
1111 4217 1187 4271 Hinc
1199 4218 1292 4270 ποντό-

145 4290 247 4357 ρορφος
260 4289 361 4343 dicitur
373 4291 436 4357 Lyc.
451 4304 526 4357 1393.
550 4292 657 4343 uarias
669 4295 792 4343 mutare
803 4291 922 4352 figuras
935 4288 976 4343 ‘to
989 4287 1055 4342 shift
1068 4288 1140 4341 from
1152 4303 1206 4340 one
1219 4286 1291 4340 form

145 4367 176 4410 to
188 4361 324 4414 another!
376 4362 447 4414 426.
462 4364 578 4414 Plenus
591 4376 762 4429 quamquam
776 4370 861 4412 satur.
882 4362 1057 4413 inextincta
1067 4361 1149 4410 fame
1162 4373 1217 4426 qua
1227 4373 1290 4409 eam

146 4429 233 4482 Ceres
246 4431 320 4483 ultus
332 4439 375 4484 est
388 4431 464 4499 quod
471 4429 503 4483 in
515 4430 601 4484 Dotio
613 4430 713 4484 Cariae
725 4447 837 4483 sacrum
850 4429 920 4483 deae
933 4431 1027 4482 lucum
1040 4429 1216 4482 deuastasset
1228 4425 1290 4478 Cal-

146 4497 203 4554 lim.
214 4501 252 4555 H.
262 4501 325 4556 Cer.
333 4515 348 4554 a
353 4501 402 4571 5-6
406 4513 428 4571 5,
438 4502 508 4558 Met.
516 4500 571 4557 viii.
581 4514 641 4567 741.
674 4502 747 4556 Eam
759 4501 864 4555 famem
874 4501 947 4555 salse
958 4497 1091 4554 describit
1101 4495 1290 4552 Callimachus
