3038 5010
415 957 1010 1053 COMMENTARIVS.

189 1287 212 1339 1.
232 1287 368 1349 uempus
382 1287 424 1338 ad
438 1286 498 1338 hoo
509 1321 516 1335 .
527 1320 534 1336 .
546 1285 705 1347 .peraetis
745 1284 838 1337 Natus
851 1292 894 1337 est
908 1281 1026 1337 Ovidius
1042 1299 1117 1337 anno
1130 1282 1228 1352 711143
1241 1299 1306 1338 cum

154 1356 251 1410 cecidit
257 1356 325 1426 fata
339 1355 437 1408 consul
450 1360 566 1423 uterque
580 1353 702 1421 (Hirtius
715 1362 743 1407 et
757 1355 851 1407 Pansa
863 1354 901 1408 ad
915 1353 1068 1422 Mutinam)
1077 1356 1150 1424 pari
1160 1353 1254 1422 (Trist.
1268 1354 1305 1408 iv.

157 1442 195 1480 10.
210 1427 246 1496 6).
286 1427 385 1495 ltaque
404 1424 463 1478 Ibis
481 1440 539 1477 non
556 1433 622 1477 ante
636 1412 733 1547 762?
730 1423 850 1493 scriptus
866 1433 916 1492 est,
930 1441 986 1494 quo
1002 1424 1117 1478 demum
1132 1441 1207 1478 anno
1225 1424 1304 1494 quin·
1324 1413 1344 1487 2,
1361 1401 1470 1511 llalld

154 1495 350 1566 quagesimum
371 1495 496 1550 natalem
518 1494 669 1563 compleuit
711 1494 737 1547 ie
759 1495 885 1549 secundo
907 1494 1133 1564 Quinquatruum
1154 1494 1249 1562 (Trist.
1268 1494 1304 1550 iv.
1422 1504 1427 1513 ’

157 1583 196 1622 1ο.
219 1565 323 1636 13-14),
342 1565 390 1619 xiii
410 1565 473 1620 Kal.
497 1564 583 1634 April.
605 1564 718 1633 (March
732 1563 785 1632 20).
888 1567 915 1619 2.
936 1581 1062 1619 carmen
1082 1568 1202 1619 inerme
1220 1564 1305 1619 simili

154 1654 239 1692 sensu
252 1636 321 1691 dixit
334 1653 390 1706 quo
404 1635 565 1705 Propertius
578 1634 612 1688 iv.
624 1634 647 1688 6.
659 1648 727 1703 31,2
741 1635 778 1689 de
791 1634 921 1705 Apolline
933 1637 1001 1689 Non
1013 1636 1062 1690 ille
1071 1636 1208 1689 attulerat
1216 1638 1307 1690 crr'nes

153 1709 185 1762 in
203 1708 274 1762 colla
292 1707 398 1761 solutos
415 1707 481 1760 Aut
498 1706 669 1760 testudineae
686 1722 798 1759 carmen
819 1708 925 1760 inerme
941 1706 1020 1775 lyrae
1038 1723 1055 1760 a
1073 1706 1154 1760 bellis
1173 1706 1305 1774 alienum,

154 1779 231 1848 quod
243 1778 311 1832 nulli
325 1776 455 1831 iniuriam
468 1776 581 1830 faceret.
638 1778 665 1831 3.
686 1779 814 1840 seriptis
825 1782 874 1831 tot
885 1779 1015 1831 milibus
1024 1777 1153 1846 quamuis
1163 1786 1204 1831 tot
1217 1777 1306 1830 millia

154 1849 250 1919 scripti
273 1847 450 1902 confecerim.
487 1847 610 1900 Milibus
630 1863 687 1900 non
711 1846 875 1914 litterarum,
898 1847 949 1901 sed
974 1847 1214 1917 quemadmodum
1236 1847 1305 1901 dixit

153 1921 217 1973 Am.
235 1919 250 1973 i.
265 1920 288 1973 8.
308 1919 339 1987 58
358 1919 496 1971 amatoris
513 1918 607 1971 millia
628 1917 719 1971 multa
731 1917 819 1988 leges.
867 1919 922 1970 Par
942 1918 1020 1971 locus
1040 1926 1083 1971 est
1102 1917 1184 1971 Trist.
1206 1917 1232 1971 ii.
1255 1918 1305 1985 563

153 1991 221 2044 Non
232 2006 282 2060 ego
298 1989 425 2043 mordaci
438 1988 580 2042 destrinxi
592 1989 717 2041 carmine
730 2005 905 2058 quemquam,
917 1989 977 2042 Nec
992 2005 1069 2041 meus
1083 1988 1172 2042 ullius
1185 1990 1307 2042 crimina

154 2077 253 2114 uersus
266 2059 353 2115 babet.
392 2059 538 2113 Candidus
553 2076 572 2111 a
589 2058 695 2113 salibus
713 2060 828 2128 suffirsis
836 2059 909 2129 selle
924 2058 1025 2128 refugi.
1061 2059 1154 2113 Nulla
1171 2065 1309 2113 uenenato

154 2132 251 2185 littera
273 2132 364 2184 mima
387 2130 445 2183 ioco
465 2135 512 2183 est.
550 2129 633 2182 Inter
651 2134 693 2182 tot
710 2129 822 2199 populi,
845 2139 893 2184 tot
907 2127 1036 2199 scripti
1061 2128 1168 2183 millia
1188 2128 1306 2197 nostri,

157 2202 245 2272 Quem
266 2218 327 2254 mea
347 2200 473 2270 Calliope
493 2200 607 2254 laeserit
629 2216 705 2252 unus
724 2216 779 2253 ero.
816 2199 900 2254 Trist.
918 2218 942 2254 v.
958 2214 981 2268 3.
998 2211 1037 2268 53,
1059 2201 1139 2254 Pont.
1157 2199 1191 2254 iv.
1210 2214 1304 2268 1443.

154 2275 182 2326 4.
201 2274 324 2326 littera
335 2269 454 2340 proprie.
488 2272 568 2324 Pont.
583 2269 617 2323 iv.
635 2284 673 2335 14.
687 2269 722 2323 26
733 2271 844 2324 Littera
856 2271 889 2324 de
901 2270 979 2325 uobis
989 2276 1031 2324 est
1042 2287 1103 2323 mea
1114 2277 1211 2340 questa
1223 2270 1306 2324 nibil.

155 2345 396 2408 sangiunolenta
420 2339 527 2410 ‘steept
553 2339 581 2393 in
605 2339 706 2394 blood'
732 2342 812 2395 Pont.
830 2340 865 2395 iv.
883 2354 972 2407 1444
996 2341 1090 2395 Extat
1113 2341 1205 2395 adbuc
1227 2357 1307 2394 nemo

156 2412 290 2467 saucius
309 2429 356 2465 ore
374 2428 440 2466 meo.
568 2415 596 2464 5.
614 2413 733 2465 laesere
751 2411 906 2480 perfectum
924 2427 976 2480 pro
994 2413 1057 2481 plus
1076 2408 1161 2480 quarn
1180 2412 1305 2480 perfecto

157 2486 267 2552 Dr'ager
281 2484 302 2537 1.
316 2499 342 2552 p.
357 2496 416 2550 233.
498 2483 525 2535 6.
545 2483 702 2535 Artificis.
713 2522 720 2535 .
731 2522 738 2535 .
748 2485 827 2536 Arte
839 2481 922 2536 Trist.
937 2481 974 2536 iii.
989 2496 1026 2547 14.
1038 2481 1055 2535 6
1067 2481 1189 2535 Artibus
1201 2481 1311 2551 artifici

155 2571 227 2624 quae
238 2569 353 2608 nocuere
364 2569 422 2606 suo.
459 2566 531 2605 eum
544 2568 600 2622 quo
613 2561 740 2621 tempore
753 2552 893 2621 relegatus
906 2569 987 2606 sum:
1009 2569 1077 2606 nam
1093 2553 1148 2606 hoc
1161 2562 1203 2607 est
1221 2556 1307 2622 caput

150 2625 246 2695 periit.
285 2623 368 2678 Trist.
382 2622 398 2676 i.
413 2637 437 2676 2.
451 2634 482 2688 71
501 2623 562 2676 Nec
574 2628 668 2676 tamen
683 2627 717 2676 ut
729 2625 825 2677 cuncti
837 2625 969 2676 miserum
982 2638 1096 2676 seruare
1107 2623 1210 2690 uelites,
1225 2623 1311 2693 Quod

156 2693 256 2764 periit
268 2694 382 2748 saluum
395 2695 453 2747 iam
467 2702 567 2762 caput
579 2710 635 2746 esse
641 2696 742 2763 potest.
784 2694 819 2748 Vt
829 2710 907 2746 mare
919 2694 1045 2747 subsidat
1056 2695 1201 2764 nentesque
1210 2694 1306 2763 sieren-

155 2766 229 2820 tibus
247 2770 322 2832 1111,
346 2765 381 2818 Vt
398 2763 472 2817 1111111
485 2765 622 2833 parcatis,
641 2779 706 2817 non
725 2762 835 2817 minus
853 2765 926 2818 exul
942 2780 996 2817 ero.
1036 2762 1135 2817 Libros
1154 2773 1210 2817 tres
1230 2763 1306 2818 Artis

156 2835 319 2889 Amatoriae
329 2850 405 2888 anno
415 2846 430 2901 7
435 2832 494 2902 sele
506 2833 633 2887 ediderat
644 2834 775 2902 (Masson
788 2851 814 2903 p.
824 2834 859 2888 66
869 2836 973 2902 Burm.‚
986 2832 1098 2888 Clinton
1109 2835 1140 2888 F.
1152 2833 1201 2901 H.)
1212 2834 1306 2887 adhuc

157 2905 274 2973 iuuenis
287 2921 412 2974 poenam
423 2903 472 2958 luit
486 2904 585 2958 decern
597 2913 662 2973 post
675 2904 757 2959 annis
770 2922 856 2959 senex
870 2903 963 2972 (Trist.
978 2903 1004 2957 ii.
1022 2903 1162 2973 543-546).
1228 2908 1254 2960 ’1.
1274 2910 1307 2958 et

156 2979 216 3031 hoe
228 2980 334 3041 ipsum
346 2975 422 3045 quod
435 2991 507 3028 unus
520 2985 570 3029 est.
651 2979 680 3030 8.
700 2979 854 3029 candoris
866 2974 1054 3043 simplicitatis
1067 2975 1113 3028 uel
1127 2973 1306 3029 innocentiae

157 3063 213 3116 qua
224 3045 368 3101 neminem
381 3046 496 3100 adortus
509 3055 576 3100 erat.
605 3044 688 3099 Trist.
700 3045 726 3101 ii.
740 3058 787 3114 571
802 3047 862 3099 Nec
872 3045 946 3098 mibi
955 3045 1082 3098 credibile
1090 3051 1131 3098 est
1139 3061 1307 3114 quemquam

156 3118 295 3171 insultare
311 3117 420 3184 iacenti,
435 3117 538 3170 Gratia
553 3116 672 3169 candori
684 3118 713 3170 si
727 3133 785 3186 qua
801 3116 892 3170 relata
908 3132 966 3168 meo
978 3121 1025 3169 est.
1064 3116 1144 3168 Pont.
1159 3114 1193 3168 iv.
1210 3130 1248 3182 13.
1262 3129 1305 3183 43.

158 3186 321 3242 contrarius
334 3196 376 3241 est
390 3185 471 3240 liuori
486 3186 582 3241 lbidis.
673 3189 700 3241 9.
720 3190 871 3251 Quisquis
883 3189 912 3240 le
924 3191 978 3240 est.
1017 3185 1099 3239 Trist.
1112 3184 1148 3239 iii.
1161 3201 1199 3239 11.
1213 3185 1245 3253 56
1257 3186 1312 3239 Ad

156 3263 183 3312 te
203 3258 332 3328 quisquis
351 3259 377 3310 is
397 3274 426 3310 es
445 3263 542 3312 nostra
563 3257 687 3327 querella
711 3258 792 3311 redit.
839 3263 1010 3321 utcumque
1034 3264 1170 3325 quantum
1195 3272 1245 3324 per
1266 3255 1307 3308 in-

157 3327 351 3398 dignationem
369 3326 483 3382 licebit:
504 3327 551 3381 uix
567 3327 643 3382 enirn
661 3345 706 3382 me
724 3327 883 3397 reprimam.
922 3329 1001 3381 Pont.
1017 3325 1053 3380 iii.
1068 3341 1091 3394 9.
1108 3339 1140 3394 53
1158 3327 1308 3380 Postmodo

156 3400 282 3453 collectas
302 3404 451 3467 utcumque
469 3398 530 3451 sine
547 3399 644 3452 ordine
661 3400 752 3452 iunxi.
790 3397 824 3451 iv.
845 3412 883 3463 14.
900 3413 915 3465 3
933 3401 1043 3468 excepto
1061 3397 1139 3466 quod
1153 3396 1245 3451 adbuc
1262 3403 1308 3450 ut·

156 3486 274 3539 cumque
297 3469 430 3522 ualemus.
509 3471 553 3522 10.
572 3472 750 3523 inassuetas
770 3484 883 3522 manus
905 3469 938 3522 A.
952 3469 984 3522 A
999 3467 1016 3521 i.
1030 3482 1089 3536 300.
1167 3469 1206 3525 11.
1231 3471 1309 3521 rele-

158 3546 266 3605 gotum
296 3538 417 3609 proprie,
442 3549 472 3593 ut
501 3538 561 3608 ipse
591 3548 710 3593 testatur
740 3539 825 3593 Trist.
845 3538 871 3593 ii.
894 3551 941 3606 135
972 3539 1056 3592 Adde
1084 3538 1163 3608 quod
1187 3538 1308 3591 edictum

157 3610 291 3680 quamuis
301 3611 401 3663 inmite
416 3611 568 3679 minaxque
580 3609 716 3664 Attamen
731 3611 763 3663 in
775 3613 882 3680 poenae
893 3611 1005 3663 nomine
1019 3609 1080 3663 lene
1086 3609 1160 3679 fuit.
1199 3608 1310 3678 Quippe

157 3683 336 3767 relegatus,
353 3696 410 3733 non
428 3681 511 3748 exul,
527 3681 607 3734 dicor
622 3683 653 3733 in
672 3682 722 3735 illo
740 3682 887 3749 Primaque
895 3681 1036 3751 fortunae
1053 3685 1121 3733 sunt
1137 3680 1206 3733 data
1224 3680 1309 3733 uerba

158 3768 240 3805 meae.
277 3767 302 3804 v.
319 3764 357 3804 11.
371 3764 403 3803 21
417 3751 481 3821 Ipse
495 3751 620 3820 relegati,
633 3768 690 3805 non
705 3752 805 3819 exulz‘s,
819 3753 915 3805 utitur
931 3752 963 3804 in
983 3767 1026 3803 me
1040 3751 1169 3804 Nomine.
1209 3751 1309 3819 ltaque

158 3838 208 3875 nec
218 3824 281 3891 opes
296 3838 345 3875 nec
358 3822 405 3874 ius
420 3823 492 3875 ciuis
508 3820 603 3889 (Trist.
616 3840 641 3875 v.
659 3836 697 3875 11.
715 3821 756 3890 15)
770 3820 873 3889 amisit,
886 3821 939 3876 etsi
952 3839 977 3875 u.
991 3822 1107 3890 bcaput
1122 3819 1176 3875 sibi
1191 3822 1310 3890 periisse

158 3901 188 3946 ut
198 3891 271 3945 exuli
282 3901 452 3960 conquestus
462 3901 513 3946 est.
568 3895 611 3945 12.
625 3895 795 3946 delituisse.
821 3892 980 3946 Perfectum
990 3892 1092 3946 eodem
1102 3891 1188 3945 modo
1198 3891 1309 3945 uidetur

158 3971 323 4031 usurpatum
340 3978 396 4031 quo
408 3963 441 4016 A
456 3963 489 4016 A.
504 3961 530 4016 ii.
547 3962 596 4030 583
616 3963 651 4016 de
672 3965 765 4017 Marte
783 3971 811 4016 et
829 3963 941 4017 Venere
959 3961 1106 4032 deprensis
1123 3963 1192 4016 Non
1210 3962 1310 4015 uultus
1411 3977 1414 3981 ·

158 4034 257 4086 texisse
277 4048 348 4101 suos,
370 4049 426 4086 non
449 4033 567 4102 denique
582 4036 705 4103 possunt
726 4033 862 4086 Partibus
882 4034 1001 4086 obscenis
1021 4034 1179 4100 opposuisse
1199 4048 1309 4085 manus.

158 4104 315 4172 Vtrumque
324 4102 476 4170 deplorares
484 4120 545 4156 rem
555 4102 633 4157 breui
647 4113 791 4158 momento
801 4112 944 4172 peractam
958 4102 1112 4171 significan
1129 4102 1177 4156 uix
1190 4119 1220 4156 se
1230 4101 1310 4156 abdi-

159 4173 239 4227 derat
252 4189 317 4226 cum
330 4173 366 4227 de
379 4172 487 4227 latebra
498 4183 657 4243 protractus
669 4184 720 4228 est.
784 4176 828 4228 13.
841 4177 1049 4237 Vulneraque.
1076 4173 1159 4227 Trist.
1174 4172 1210 4227 iii.
1225 4188 1264 4226 11.
1274 4172 1309 4238 63

158 4244 207 4297 Er
224 4243 418 4313 oquicumque
428 4261 464 4311 es,
477 4244 629 4297 rescindere
647 4246 769 4298 crimina
787 4245 968 4314 nobiliaque
1005 4245 1074 4297 raui
1088 4244 1178 4297 duras
1193 4244 1311 4296 uulnere

158 4260 225 4368 tolli
236 4330 344 4368 manus.
387 4315 474 4384 thue
485 4331 561 4369 meae
567 4315 683 4385 famam
696 4320 810 4369 tenuent
821 4315 925 4369 obliuia
937 4331 970 4367 cu
979 4316 1042 4383 poe,
1055 4315 1144 4368 Facta
1156 4314 1310 4366 cicatricem

158 4385 257 4437 ducere
275 4390 372 4438 nostra
389 4386 456 4440 sine.
529 4387 572 4439 16.
592 4387 704 4439 funera
723 4395 868 4455 tamquam
886 4384 1028 4454 relliquias
1047 4393 1180 4450 mortuas,
1196 4392 1226 4436 ut
1245 4397 1309 4434 cum

161 4453 309 4522 Maduigio
331 4455 430 4525 loquar
448 4455 485 4510 ad
505 4457 602 4511 quen.
616 4454 671 4512 viii.
689 4470 745 4523 192.
818 4458 859 4510 11.
886 4458 1027 4509 membra
1045 4452 1169 4523 ‘pieces'
1189 4451 1229 4506 sic
1248 4451 1307 4516 278.
