3038 5010
231 394 289 454 xlvi
644 390 968 463 PROLEGOMENA.

273 548 339 629 (24)
361 552 421 624 Qui
435 552 465 609 in
479 551 584 610 fluuios
600 569 631 609 se
645 551 875 627 praecipitarunt.

395 632 523 704 Euenus,
538 633 693 691 Tiberinus
710 636 790 707 (513,
808 630 888 706 514).

273 712 338 792 (25)
361 713 421 785 Qui
435 714 550 789 scriptis
564 715 681 772 exitium
697 715 751 772 sibi
765 722 948 791 pepererunt.

396 794 596 866 Callisthenes,
616 795 815 865 Archilochus,
836 795 958 870 scriptor
975 792 1108 851 carminis
1125 794 1155 850 in
1171 792 1376 867 Athenienses,

436 875 615 935 Timocreon
625 875 661 955 (i)
676 874 853 955 (519-526).

273 955 339 1035 (26)
360 955 476 1028 Quibus
489 958 621 1015 membra
634 958 763 1016 mutilata
776 968 851 1016 sunt.

395 1038 550 1106 Pentheus,
571 1038 666 1110 Dirce,
689 1039 849 1098 Philomela
864 1035 1040 1117 (533-538).
1082 1035 1139 1095 Ηί2
1160 1045 1228 1112 post
1249 1037 1378 1097 adiunxit

435 1119 609 1177 Mamertam
625 1119 719 1199 (547),
735 1119 853 1196 Orphea
868 1121 964 1196 (600).

272 1199 337 1280 (27)
358 1200 393 1258 In
409 1219 479 1259 saxa
492 1201 576 1259 uersi.

395 1281 501 1353 Niobe,
516 1282 616 1340 Battus
628 1285 709 1357 (585,
721 1280 761 1359 6),
774 1292 802 1341 et
816 1293 883 1341 ante
897 1283 952 1342 hos
963 1303 981 1342 a
992 1282 1118 1344 Medusa
1131 1283 1271 1345 interiecti
1283 1281 1377 1362 (553).

272 1362 338 1443 (28)
359 1363 419 1435 Qui
436 1365 505 1437 igne
519 1365 657 1423 membris
672 1364 801 1439 inplicito
816 1366 961 1423 combusti
976 1376 1051 1424 sunt.

394 1444 550 1520 Meleager,
566 1443 683 1516 Creusa,
699 1444 842 1505 Hercules
858 1445 1033 1526 (622-622).

272 1525 337 1607 (29)
359 1526 418 1599 Qui
433 1536 521 1584 noctu
536 1526 689 1601 perierunt.

393 1607 501 1677 Dolon,
518 1607 634 1667 Rhesus
650 1606 827 1687 (627-632),
841 1608 972 1668 Ramnes
987 1627 1054 1668 cum
1069 1610 1128 1668 suis
1142 1608 1223 1688 (632,
1242 1607 1279 1687 2).

292 1686 345 1768 (ἱί.)
365 1689 496 1747 Alterum
510 1707 602 1764 genus
617 1700 661 1748 est
675 1708 775 1749 eorum
789 1692 841 1765 qui
851 1692 966 1748 eiusdem
981 1692 1233 1768 nummisfuerunt.

393 1770 494 1846 Pyrrhi
520 1768 655 1850 (322-8),
684 1771 790 1829 Aiaces
812 1769 987 1850 (341-344),
1010 1771 1216 1850 Hippomenes
1236 1773 1280 1829 uir
1304 1770 1376 1829 Ata-

433 1852 538 2010 lantap,
560 1852 765 2012 Hippopnenes
786 1853 926 1913 Limones
947 1853 1057 1912 adulter
1072 1850 1248 1934 (457-460),
1271 1851 1376 1912 Glauci

435 1943 492 1991 tres
520 1937 682 2007 555-558.

292 2013 355 2093 (iii.)
376 2015 512 2085 Tertium,
528 2032 629 2072 eorum
642 2017 695 2089 qui
704 2015 819 2073 eamdem
822 2017 961 2093 familiae
964 2017 1097 2094 fuerunt.

394 2095 563 2166 Thessalus,
591 2095 772 2171 Eurylochus
801 2093 987 2174 (285-288);
1022 2096 1181 2174 Philippus,
1210 2095 1376 2155 Alexander

437 2174 618 2256 (295-298);
634 2176 843 2253 Hippodamia,
858 2179 1030 2239 Oenomaus
1039 2175 1220 2256 (365-368);
1236 2179 1375 2248 Antaeus,

434 2257 542 2316 Busiris
553 2256 635 2335 (395,
649 2256 735 2336 399);
757 2260 917 2335 Amphion,
929 2258 1034 2328 Niobe,
1046 2278 1114 2318 cum
1128 2260 1191 2318 filiis
1206 2259 1375 2334 filiabusque

437 2358 472 2410 14
488 2337 669 2417 (581-584);
692 2341 800 2410 Icarus,
815 2342 944 2418 Erigone
958 2338 1134 2418 (ότι-624).

394 2419 452 2478 Sed
485 2440 521 2478 ex
554 2420 599 2479 his
627 2420 829 2498 Hippodamia
857 2440 924 2481 curn
953 2421 1117 2492 Oenomao
1144 2422 1275 2481 Antaeus
1306 2439 1374 2479 curn

433 2501 573 2573 Busiride,
585 2503 709 2579 denique
724 2503 824 2562 Icarus
839 2522 906 2562 curn
920 2503 1050 2579 Erigona
1064 2503 1151 2562 etiam
1166 2504 1276 2580 primae
1291 2502 1374 2561 classi

433 2582 629 2658 adsignantur,
640 2592 790 2660 tamquam
805 2585 909 2644 eodem
923 2585 1024 2643 mortis
1039 2603 1146 2660 genere
1160 2583 1273 2643 adiecti.

272 2665 394 2724 Restant
407 2663 541 2723 historiae
556 2683 678 2741 quarum
692 2666 765 2724 inter
776 2684 807 2724 se
818 2684 964 2724 conexum
975 2666 1025 2724 uix
1036 2675 1115 2724 certo
1128 2664 1262 2741 explices.
1296 2663 1375 2722 Nam

229 2747 374 2805 interdum
388 2746 467 2804 nullo
486 2746 602 2804 uinculo
617 2746 773 2807 cohaerent
794 2749 849 2806 nisi
866 2747 947 2824 quod
965 2748 1051 2805 unius
1064 2746 1180 2805 fabulae
1200 2764 1268 2822 pars
1288 2755 1373 2804 sunt:

230 2829 272 2887 sic
304 2828 520 2903 coniunguntur
553 2827 734 2898 Philoctetes,
768 2828 919 2904 Telephus
947 2826 1123 2906 (253-256),
1153 2828 1202 2905 qui
1229 2828 1316 2885 ambo
1344 2827 1374 2884 in

230 2909 345 2986 Cypriis
359 2908 528 2984 legebantur
543 2907 663 2988 (Kinkel
677 2909 732 2986 Ep.
748 2908 851 2968 Graec.
866 2910 981 2984 Fragm.
996 2928 1045 2986 pp.
1065 2911 1110 2979 18,
1129 2907 1188 2987 19);
1211 2907 1331 2984 Vlysses
1346 2920 1375 2965 et

229 2990 362 3049 Anticlus
383 2987 558 3068 (567-570),
581 3008 656 3066 quos
677 2991 790 3049 uidetur
814 2990 898 3049 simul
920 3008 1167 3049 commemorasse
1189 3008 1226 3048 ex
1248 2989 1375 3064 Odyssia

230 3070 299 3150 (Οά
323 3073 361 3130 xi.
380 3091 444 3146 134,
465 3072 500 3129 iv.
518 3068 680 3148 285-289),
701 3090 879 3148 quamquam
900 3072 940 3129 ibi
962 3090 1017 3130 nec
1038 3071 1158 3148 Vlysses
1179 3089 1197 3129 a
1218 3070 1374 3146 Telegono

230 3154 352 3223 occisus,
367 3172 422 3212 nec
434 3153 567 3212 Anticlus
581 3154 698 3228 periisse
712 3153 832 3212 traditur
840 3174 847 3225 ;
870 3153 1017 3229 Crotopus
1032 3163 1060 3210 et
1070 3152 1173 3228 Argiui
1188 3169 1262 3229 quos
1274 3150 1374 3211 Poena

229 3234 335 3293 oceidit
352 3232 526 3313 (573-576),
549 3252 672 3310 quorum
693 3235 872 3293 mentionem
894 3234 1002 3292 fecerat
1025 3233 1220 3292 Callimachus
1241 3230 1286 3312 (fr.
1305 3246 1372 3307 315,

230 3315 351 3374 fortasse
362 3317 391 3373 in
403 3312 506 3393 Ibide),
519 3326 546 3374 et
558 3315 659 3374 fecisse
673 3314 787 3373 uidetur
800 3315 992 3375 Antimachus
1006 3316 1036 3373 in
1047 3314 1209 3384 Thebaide,
1223 3316 1246 3372 si
1255 3314 1373 3390 quidem

229 3397 297 3456 inde
312 3398 341 3455 in
356 3414 441 3455 suum
456 3415 528 3473 epos
542 3396 684 3454 transtulit
698 3396 824 3454 fabulam
834 3396 947 3456 'Statius
959 3397 1054 3455 Theb.
1070 3396 1092 3454 I.
1106 3410 1164 3472 570
1179 3413 1242 3471 sqq.
1250 3414 1257 3466 ;
1280 3393 1374 3453 Thio·

229 3477 331 3536 damas
343 3487 371 3536 et
386 3477 482 3536 Cacus
493 3474 660 3554 (486-490)
672 3495 746 3552 quos
757 3479 796 3537 ob
811 3478 1051 3537 inhumanitatem
1065 3476 1208 3536 interfecit
1219 3475 1360 3535 Hercules
1365 3494 1372 3546 ;

230 3561 371 3631 617-624
386 3558 424 3616 ad
439 3558 574 3633 Vlyssem
588 3576 692 3617 omnes
705 3558 873 3630 referuntur,
888 3560 943 3618 nisi
958 3558 1039 3634 quod
1054 3559 1201 3617 interiecta
1214 3567 1259 3616 est
1272 3557 1374 3633 ignota

229 3639 326 3697 fabula
346 3639 469 3697 Aethali.
520 3638 566 3696 Ex
591 3639 706 3715 reliquis
731 3651 797 3698 sunt
822 3659 943 3717 quarum
967 3658 1077 3698 nexum
1101 3641 1132 3697 in
1152 3638 1373 3697 Commentario

228 3721 364 3797 expedire
379 3729 502 3779 conatus
517 3738 598 3791 sum;
619 3720 710 3778 multo
724 3730 823 3780 tamen
845 3722 942 3798 plures
963 3721 1106 3781 eiusmodi
1128 3730 1194 3779 sunt
1214 3729 1246 3778 ut
1267 3721 1373 3778 obscu-

228 3802 303 3860 riore
319 3803 367 3860 filo
383 3802 533 3877 copulatae
548 3801 681 3860 ordinem
695 3814 744 3861 aut
759 3803 868 3862 nullum
883 3812 932 3861 aut
946 3812 1022 3861 certe
1036 3801 1173 3860 latentem
1189 3810 1354 3877 sequantur.

271 3882 329 3942 Sed
343 3883 373 3940 in
387 3884 554 3941 uniuersum
569 3893 677 3942 mortes
692 3885 852 3960 generatim
871 3902 932 3943 non
951 3884 1095 3942 ordinauit
1109 3893 1175 3940 ante
1190 3901 1217 3941 u.
1234 3900 1302 3956 331,
1317 3899 1373 3940 nec

228 3974 296 4040 post
316 3969 383 4038 508.
426 3964 537 4023 Contra
557 3965 631 4023 intra
651 3964 706 4023 hos
727 3967 866 4024 terminos
888 3975 1024 4024 secuntur
1043 3964 1145 4023 ordine
1167 3963 1317 4021 distributo
1338 3980 1373 4021 ac

228 4064 323 4121 paene
349 4057 435 4117 certo,
457 4046 513 4104 nisi
538 4046 618 4122 quod
640 4056 775 4121 quattuor
800 4045 903 4104 fabulis
928 4046 965 4104 de
987 4045 1091 4121 Vlysse
1116 4043 1214 4103 addita
1237 4054 1281 4103 est
1304 4053 1373 4119 post

227 4128 339 4185 tertiam
359 4146 456 4203 poena
475 4145 563 4203 quam
582 4127 618 4184 de
640 4128 793 4186 Acerranis
813 4127 964 4186 Hannibal
984 4126 1079 4203 exegit
1095 4121 1265 4204 (389-392)
1276 4143 1283 4196 ;
1305 4134 1373 4200 post

228 4208 375 4267 mutilatos
390 4207 494 4280 Osirin,
510 4207 618 4279 Gallos,
639 4209 729 4281 Attin,
745 4208 950 4285 Hippomenes
969 4208 1122 4266 Atalantae
1141 4208 1185 4265 uir
1199 4216 1228 4264 et
1241 4206 1372 4265 eiusdem

228 4290 355 4349 nominis
370 4289 480 4347 adulter
494 4289 641 4360 Limones,
656 4299 718 4347 tum
733 4300 762 4348 et
777 4288 976 4349 Cassandreus
996 4297 1263 4348 commemorantur
1278 4285 1374 4365 (459-

229 4369 319 4447 462);
355 4381 422 4445 post
450 4369 588 4430 Perseum
616 4381 644 4429 et
672 4369 798 4429 Tennen
828 4389 892 4430 arca
920 4371 1058 4440 inclusos,
1086 4369 1186 4427 neseio
1215 4386 1304 4444 quarn
1332 4369 1372 4426 ob

226 4468 346 4518 causam
361 4451 534 4511 Theudotus
548 4453 586 4512 ad
604 4470 684 4510 aram
700 4452 811 4511 Phoebi
826 4461 978 4525 mactatus,
994 4460 1022 4510 et
1036 4450 1241 4510 Abderitarum
1257 4449 1373 4522 κάθαρμα
