3038 5010
575 394 902 459 PROLEGOMENA.
1277 395 1319 455 lxi

170 549 243 616 festo
261 556 300 615 ad
313 556 409 633 Tydei
426 553 537 615 lacinus
555 574 614 631 quo
629 555 790 632 Menalippi
810 555 960 614 cerebrum
980 552 1129 613 exsorbuit
1147 553 1317 613 referuntur.

169 638 274 714 Itaque
295 656 332 696 ex
353 638 409 696 alio
430 656 516 695 uersu
537 638 598 696 siue
617 653 676 712 427
695 639 757 697 siue
776 651 844 711 515,
862 637 920 695 huc
940 635 1073 694 tralatum
1095 645 1147 694 est.
1188 635 1237 693 Ad
1256 639 1316 707 408

169 721 248 777 lamo
257 727 340 792 porte
353 721 408 789 sui,
417 725 501 794 porte
515 721 644 778 ziruemus
661 726 725 777 erat
736 718 928 793 adscripscrat
943 717 1045 793 aliquis
1059 715 1246 774 Minotaurus
1258 720 1318 775 seire

169 802 309 859 Asterion.
333 799 414 858 Hinc
429 800 531 876 aliquis
545 819 660 858 memor
669 799 838 858 Claudianei
853 817 953 858 uersus
966 816 1014 872 54.
1027 817 1044 873 9
1056 797 1120 873 Ipse
1132 806 1159 856 rt
1170 800 1318 873 dispariles

168 888 291 940 mandra
310 882 469 939 cornminus
489 883 519 939 in
539 888 620 939 arius
638 901 669 939 11
694 881 765 941 Cres
779 891 855 956 puer
874 881 938 940 he.
961 879 1153 950 Minotaurus
1175 880 1319 938 transtulit

171 963 243 1021 haec
264 962 302 1021 ad
325 981 383 1037 419
407 961 477 1021 Cres
493 973 564 1036 puer
582 962 721 1034 Asterion,
744 980 870 1038 cumque
890 979 992 1020 uersus
1013 960 1107 1037 primo
1129 961 1318 1020 confinxisset

171 1044 277 1103 adiecit
303 1044 461 1102 historiam.
503 1044 637 1119 Denique
666 1043 828 1102 Hermione
856 1043 887 1102 in
913 1057 979 1118 307,
1006 1061 1042 1101 ex
1069 1061 1127 1116 303
1152 1042 1243 1113 fiuxit,
1269 1052 1318 1101 aut

171 1124 304 1184 tralatum
325 1133 446 1195 tanturn,
466 1136 515 1183 aut
535 1125 668 1184 iteratum
687 1143 740 1202 pro
760 1124 931 1196 Harmonia,
952 1141 1027 1201 quae
1047 1122 1223 1185 Themisto*
1243 1142 1319 1200 nup*

172 1216 256 1272 serat.
271 1216 389 1282 eratque
404 1207 498 1282 neptis
512 1205 621 1282 Pyrrhi.

214 1287 316 1346 Restat
335 1287 463 1345 maxima
479 1298 566 1364 atque
579 1287 690 1363 optima
704 1305 772 1364 pars
788 1287 979 1357 Scholiorum‚
994 1305 1070 1363 quae
1088 1305 1172 1345 ueras
1190 1286 1318 1361 explica-

172 1369 268 1428 tiones
282 1369 477 1444 conplectitur.
525 1367 610 1428 Haec
624 1369 725 1445 quanti
739 1369 784 1439 sit,
799 1387 861 1427 non
876 1387 912 1426 ex
928 1369 1004 1427 notis
1018 1368 1201 1443 uulgatisque
1215 1367 1318 1426 fabulis

173 1451 346 1520 aestimabis,
370 1449 422 1508 sed
446 1450 538 1508 multo
562 1451 656 1525 magis
678 1468 715 1508 ex
739 1451 962 1508 obscurioribus.
1003 1448 1109 1508 Insunt
1132 1451 1211 1507 enim
1236 1449 1319 1507 Ibide

172 1531 264 1589 multa
285 1549 360 1608 quae
379 1549 415 1589 ex
435 1532 498 1589 solo
518 1531 591 1589 libro
609 1531 892 1607 Metamorphoseon
911 1531 992 1590 facile
1011 1530 1148 1606 explicari
1168 1540 1320 1606 poterant;

173 1614 224 1689 qui
242 1613 313 1671 liber
333 1612 411 1670 nullo
431 1631 493 1671 non
511 1622 642 1688 tempore
660 1613 747 1670 latine
766 1613 923 1672 scientibus
941 1613 1023 1670 tritus
1042 1622 1093 1681 est,
1109 1611 1187 1670 nullo
1202 1611 1319 1670 scholiis

173 1695 274 1753 caruit.
315 1693 381 1751 Alia
407 1712 443 1752 ex
468 1693 540 1752 Arte
562 1694 711 1752 Amatoria
736 1694 880 1752 Tristibus
904 1693 1042 1771 Epistulis
1066 1712 1102 1751 ex
1127 1693 1223 1751 Ponto
1248 1711 1320 1768 cog-

174 1792 296 1834 noscere
323 1774 424 1833 licuit:
460 1775 516 1833 1111
550 1793 587 1833 ex
614 1774 744 1850 Vergilio
773 1775 922 1850 Statioque
954 1785 983 1834 et
1016 1774 1177 1832 scholiastis
1209 1792 1318 1846 eorum,

174 1858 328 1933 praecipue
357 1856 457 1915 Seruio
485 1856 703 1933 Lactantioque.
757 1855 815 1915 Sed
842 1874 905 1914 non
933 1857 974 1914 sic
1002 1856 1141 1932 expedias
1168 1855 1320 1931 quomodo

175 1937 281 1996 factum
297 1938 332 1995 sit
346 1947 377 1995 ut
391 1938 421 1994 in
435 1946 534 1996 nostra
549 1937 656 1996 scholia
670 1937 939 1996 obscurissimarum
956 1937 1138 1996 historiarum
1157 1936 1320 2012 expicatio,

175 2029 204 2076 et
224 2019 342 2095 quidem
363 2037 433 2078 uera
453 2019 635 2095 peruenerit;
659 2019 758 2095 quales
778 2029 845 2078 sunt
859 2018 999 2077 Hermiae
1015 2038 1081 2093 319,
1096 2017 1321 2093 Eurydamantis

177 2119 244 2174 331,
266 2099 407 2158 Limones
427 2115 495 2175 335,
516 2099 652 2175 Aegiales
672 2116 741 2175 350,
763 2100 952 2159 Siritanomm
973 2113 1040 2175 379,
1062 2100 1237 2158 Hannibalis
1252 2102 1322 2174 389,

176 2180 262 2239 Τ1111
287 2195 355 2255 477,
381 2180 477 2240 Lindii
501 2181 640 2251 sacrificii,
665 2182 822 2258 Lydiamm
850 2182 994 2256 uirginum
1023 2199 1091 2255 499,
1116 2181 1322 2240 Ambraciotae

175 2262 321 2320 uenatoria
337 2279 404 2336 501,
420 2263 567 2321 uenatoris
585 2262 680 2320 Carici
701 2264 761 2322 siue
783 2263 879 2338 potius
898 2263 1038 2321 Lucanici
1059 2276 1127 2336 505,
1141 2262 1235 2320 Eueni
1252 2278 1320 2338 513,

176 2341 359 2402 Callisthenis
385 2359 454 2418 519,
479 2343 624 2419 Telegoni
650 2347 717 2420 567.
772 2343 933 2404 Scholiasta
958 2343 1089 2402 Venetus
1114 2344 1147 2402 Il.
1170 2345 1237 2403 xxii.
1262 2361 1320 2420 397

176 2435 271 2482 narrat
285 2425 531 2501 Eurydamantem
545 2425 729 2496 Thessalum,
745 2424 899 2501 Thrasyllo
918 2425 1003 2483 fratre
1019 2425 1146 2484 Simonis
1161 2426 1269 2495 occiso,
1284 2427 1321 2485 ab

175 2505 233 2564 hoc
249 2506 326 2564 circa
341 2507 483 2564 tumulum
501 2507 609 2564 mortui
626 2515 769 2581 raptatum
784 2507 890 2565 fuisse:
913 2506 942 2565 id
958 2524 1087 2566 narrasse
1102 2505 1321 2566 CalIImachum.

177 2587 263 2663 Ipsos
285 2605 386 2646 uersus
412 2586 581 2646 Callimachi
601 2586 721 2648 Proclus
745 2588 783 2646 ad
803 2587 874 2646 Plat.
896 2587 972 2664 Rep.
994 2607 1023 2665 p.
1044 2607 1099 2663 391
1124 2588 1199 2646 citat.
1241 2588 1321 2647 Con·

176 2678 337 2744 parentque
351 2669 423 2727 haec
437 2670 539 2728 eadem
553 2670 583 2726 in
597 2668 688 2728 Ibidis
703 2669 828 2740 scholiis,
842 2669 921 2730 unde
935 2687 971 2728 ea
985 2670 1072 2728 ducta
1087 2670 1141 2727 nisi
1156 2688 1192 2727 ex
1207 2669 1321 2729 sincero

176 2749 274 2824 aliquo
288 2749 377 2820 fonte,
393 2751 443 2825 qui
457 2751 487 2807 in
502 2749 558 2809 hoc
572 2750 637 2809 loco
655 2750 838 2826 incorruptus
852 2751 966 2820 mansit,
981 2751 1050 2808 alias
1064 2749 1196 2809 foedatus
1210 2751 1248 2809 ad
1266 2769 1321 2810 nos

177 2829 345 2890 descendit?
386 2830 451 2889 Iam
472 2830 612 2890 Limones
633 2831 806 2908 supplicium
827 2850 916 2890 nemo
937 2831 1099 2902 Romanus,
1120 2831 1201 2908 quod
1222 2833 1321 2904 sciam,

177 2912 365 2971 memorauit:
387 2922 503 2971 seruant
522 2912 552 2970 id
571 2922 669 2971 tamen
688 2913 798 2972 scholia
813 2913 911 2984 Ibidis,
927 2922 1014 2988 atque
1032 2914 1108 2972 adeo
1123 2931 1190 2972 cum
1205 2911 1321 2973 Graeco

106 2990 112 3002 “
177 2993 296 3051 nomine
310 3012 369 3069 quo
383 2993 465 3052 locus
479 2994 503 3052 is
511 2994 670 3069 ninsignitus
684 3004 736 3053 est.
778 2994 967 3053 Siritanorum
982 2994 1162 3070 tragoediam
1177 3010 1234 3069 379
1247 3013 1322 3054 unus

179 3073 381 3133 Romanorum
409 3075 536 3133 Iustinus
564 3094 614 3133 xx.
644 3095 659 3133 1
690 3077 823 3146 seruauit,
850 3074 1030 3134 Graecorum
1052 3073 1231 3151 Lycophron
1255 3094 1322 3135 cum

180 3153 303 3212 Scholiis
322 3157 351 3213 in
373 3174 441 3213 eum
455 3174 489 3215 ac
504 3156 622 3214 Tzetza.
668 3156 753 3215 Vnde
767 3157 854 3232 igitur
868 3156 959 3215 Ibidis
979 3156 1132 3215 scholiasta
1149 3166 1322 3232 conpertum

178 3235 278 3293 habuit
292 3254 328 3294 eo
343 3236 528 3295 referendum
542 3255 606 3296 esse
621 3237 765 3297 distichon
781 3253 849 3314 379,
866 3239 945 3312 3801
971 3236 1042 3295 Non
1056 3255 1093 3295 ex
1107 3237 1228 3308 lustin0‚
1243 3239 1323 3314 apud

178 3334 267 3392 quem
281 3317 318 3375 de
333 3318 460 3376 Thracia
473 3317 609 3377 Minerua
629 3337 667 3377 ne
688 3320 810 3378 uerbum
831 3320 957 3396 quidem.
1000 3317 1151 3376 Confirmo
1166 3319 1322 3396 antiquitus

178 3398 208 3456 id
235 3397 371 3456 traditum
399 3399 496 3470 fuisse,
521 3418 700 3477 quamquam
727 3402 863 3459 turbate:
895 3419 951 3458 nec
978 3398 1080 3458 dubito
1108 3400 1233 3458 eandem
1261 3419 1323 3459 rem

178 3497 196 3536 a
219 3477 397 3538 Callimacho
418 3491 570 3551 narratam,
592 3482 697 3540 eodem
720 3490 793 3540 teste
818 3481 987 3541 Scholiasta.
1038 3481 1085 3539 De
1109 3482 1211 3540 ceteris
1231 3500 1323 3540 unum

180 3559 245 3618 dico
265 3561 345 3636 quod
360 3561 534 3621 Merkelium
552 3562 820 3639 Schneiderumque
837 3563 934 3635 latuit;
957 3563 1067 3639 aliquas
1086 3562 1164 3638 apud
1179 3562 1323 3621 Nonnum

177 3652 277 3700 ,extare
301 3642 332 3698 in
353 3649 489 3717 Συναγωγῇ
508 3645 640 3717 Ἱστοριῶν
660 3663 709 3720 pp.
729 3647 787 3719 986
810 3663 874 3721 sqq.
897 3645 1015 3704 1011111.
1040 3661 1163 3720 operum
1189 3642 1324 3719 Gregorii

180 3721 356 3780 Nazianzeni
371 3724 416 3782 ed.
432 3723 543 3799 Migne‚
559 3725 611 3783 sed
626 3723 755 3784 Graece:
777 3725 943 3784 Anaxarchi
958 3744 1003 3795 xv,
1019 3725 1154 3784 Herculis
1169 3744 1235 3785 cum
1251 3726 1324 3783 Thi÷

178 3803 336 3862 odamante
350 3823 384 3863 ac
395 3805 563 3881 Dryopibus
576 3806 623 3877 xli,
635 3807 807 3864 Lindiorum
822 3807 865 3864 lvi.
902 3807 972 3865 Non
987 3806 1067 3882 quod
1080 3807 1149 3865 hinc
1162 3807 1193 3864 in
1208 3807 1324 3866 Scholia

179 3884 270 3943 Ibidis
281 3887 420 3956 uenerint,
430 3905 498 3945 nam
510 3888 626 3963 quaein
640 3888 684 3946 his
699 3907 844 3963 nusquam
856 3897 1005 3963 conparet,
1016 3887 1135 3946 historia
1144 3887 1324 3947 Cleombroti

180 3965 383 4027 Ambraciotae
399 3964 480 4045 (493,
496 3971 527 4045 4)
546 3986 608 4025 non
630 3969 725 4027 solum
747 3969 825 4045 apud
840 3968 991 4039 Nonnum,
1007 3978 1175 4045 ceterosque
1190 3968 1324 4045 Gregorii

181 4047 350 4124 interpretes
372 4058 458 4122 extat,
480 4049 637 4108 sedetiam
659 4050 738 4125 apud
759 4049 932 4109 Ciceronem
955 4051 1044 4108 Tusc.
1064 4050 1146 4126 Disp.
1167 4051 1185 4108 i.
1204 4070 1252 4125 34,
1268 4051 1324 4108 Pro

181 4127 291 4186 Scauro
306 4128 320 4202 ξ
335 4145 366 4200 4,·
377 4130 458 4188 Lact.
473 4131 510 4188 iii.
529 4134 574 4199 18,
589 4141 618 4189 et
632 4132 736 4190 eodem
751 4141 824 4190 teste
838 4131 980 4191 Cicerone
995 4130 1164 4190 Callimachi
1181 4134 1325 4207 epigram·

180 4220 258 4268 mate
279 4210 423 4271 celebrata
443 4222 496 4270 est.
538 4212 628 4284 Quod
647 4231 718 4270 sane
736 4212 861 4271 mirum:
883 4212 1012 4271 fabulam
1031 4230 1106 4288 quae
1125 4213 1232 4271 multos
1251 4213 1325 4288 opti-

178 4308 304 4370 mosque
315 4292 414 4353 habuit
425 4304 567 4366 auctores
575 4294 606 4351 in
616 4293 660 4352 his
670 4294 890 4365 Callimachum,
903 4293 1095 4354 Scholiastam
1106 4293 1181 4354 adeo
1192 4293 1326 4353 fefellisse

486 4465 501 4499 *
516 4464 554 4511 An
565 4462 620 4510 hinc
630 4463 653 4509 in
665 4463 740 4511 Schol.
755 4471 800 4526 297
813 4464 877 4510 uenit
891 4461 1024 4512 Themisto?
