3038 5010
188 337 194 349 ’
233 385 290 442 rou
630 380 976 441 COMMENTARIVS.

233 537 318 605 mico,
338 545 523 607 precaturque
545 544 575 590 ut
596 541 653 606 qua
673 534 718 590 die
740 535 831 590 lucem
853 534 993 604 acceperit
1012 533 1108 599 (Cens.
1130 531 1171 602 ll)
1191 549 1226 587 ea
1247 549 1278 586 se
1297 529 1382 585 morti

150 616 153 622 '
233 609 370 662 deuotum
382 607 584 661 reminiscatur.
633 610 765 670 Ianique
781 609 942 660 Kalendis.
980 605 1051 660 Plin.
1066 608 1104 660 H.
1119 607 1157 660 N.
1169 603 1261 658 xxviii.
1275 617 1308 656 22
1323 602 1386 656 Cur

229 681 360 750 primum
372 679 445 731 anni
455 678 616 747 ancepzentis
626 678 700 730 dr'em
718 678 800 731 laetis
811 677 1020 747 precationibus
1035 677 1156 731 inuicem
1170 676 1301 744 faustum
1314 673 1383 725 omi-

144 782 147 789 ·
234 751 363 802 namur?
418 750 467 803 66.
485 751 560 801 Non
572 750 751 801 mentituro.
782 750 828 801 Tr.
839 747 873 801 iv.
884 762 906 815 3.
919 747 1030 801 16Non
1043 749 1242 801 mente'luratu
1255 745 1384 798 libiuoce

234 819 314 889 refer.
348 821 440 872 Docet
453 828 529 872 certo
543 827 677 872 euentura
690 835 762 887 quae
775 817 941 887 inprecatur.
998 821 1045 874 67.
1063 820 1216 871 Dimuris
1228 821 1260 870 et
1271 821 1383 869 terrae.

234 889 276 943 sic
297 892 494 958 Agamemnon
516 890 548 942 Il.
562 887 598 941 iii.
612 888 736 955 276-280
748 891 795 941 Ζεῦ
807 890 897 958 πάτερ,
907 886 1010 954 Ἰδηθεν
1025 888 1130 956 μεδέων,
1147 887 1249 940 κύδιστε
1265 887 1384 953 μέγιστε,

235 959 339 1015 Ἠελιός
357 959 380 1013 θ
399 959 428 1013 ὃς
444 957 516 1013 πάντ’
536 959 634 1027 ἐφορᾷς
652 958 692 1011 καὶ
709 956 783 1012 πάντ’
801 956 941 1024 ἐπακούεις,
962 959 1010 1010 Καὶ
1027 960 1137 1026 ποταμοὶ
1155 959 1197 1011 καί
1214 959 1283 1045 γαῖα,
1303 951 1385 1008 ruini

234 1030 357 1098 ὑπένερθε
374 1031 500 1097 καμόντας
510 1026 672 1099 Ἀνθρώπους
688 1028 818 1095 τίνυσθον,
834 1028 849 1080 ὅ
865 1027 903 1084 τίς
922 1026 944 1081 κ’
955 1029 1075 1099 ἐπίορκον
1090 1029 1204 1097 ὀμόσσῃ,
1224 1029 1300 1094 Υμεῐς
1317 1026 1384 1095 μάρ-

234 1121 306 1166 τυροι
329 1101 398 1153 ἕστε.
434 1102 565 1153 meliora
584 1098 664 1153 caeli.
707 1099 818 1153 Eadem
839 1099 953 1169 partitio
972 1109 1014 1153 est
1036 1102 1076 1154 M.
1096 1098 1123 1154 ii.
1143 1099 1195 1167 298
1213 1099 1241 1151 si
1250 1098 1341 1168 freta,
1357 1096 1388 1149 si

235 1177 327 1225 terrae
334 1174 463 1240 pereunt,
476 1172 505 1223 ri
514 1172 593 1241 regia
604 1170 681 1224 caeli.
771 1173 821 1225 68.
839 1173 928 1224 Inter
938 1173 1082 1224 diuersos
1094 1168 1239 1239 oppositos
1252 1171 1342 1231 polos
1354 1166 1384 1220 in

235 1241 313 1295 omni
326 1241 442 1296 circuitu
455 1240 534 1308 caeli,
548 1250 684 1310 quantum
701 1249 778 1309 patet
797 1239 870 1294 inter
886 1241 983 1309 polum
996 1241 1145 1294 Borealem
1157 1240 1383 1307 Australemque.

236 1312 283 1366 Sic
297 1314 329 1366 F.
341 1311 377 1366 vi.
392 1312 443 1379 718
459 1313 551 1381 cinget
561 1313 690 1381 geminos
704 1312 786 1365 stella
802 1327 898 1364 serena
908 1312 990 1381 polos
1002 1311 1038 1365 de
1052 1310 1180 1364 Lucifero
1193 1309 1385 1363 circumeunte

235 1383 353 1451 caelum,
376 1384 407 1436 F.
428 1381 465 1435 iii.
488 1382 537 1434 106
553 1383 682 1452 geminos
701 1398 758 1434 esse
777 1382 828 1434 sub
848 1399 901 1434 aue
917 1383 1007 1451 polos.
1045 1381 1108 1435 Pari
1134 1380 1220 1434 modo
1242 1380 1384 1434 Tellurem

237 1452 344 1507 inducit
357 1451 385 1506 in
406 1455 447 1506 M.
460 1451 478 1504 ii
496 1462 659 1521 querentem
676 1451 737 1505 Ioui
755 1452 791 1505 de
809 1451 994 1506 Phaethontis
1013 1451 1143 1505 incendio
1159 1469 1185 1505 u.
1200 1465 1251 1519 293
1266 1450 1388 1520 Quodsi

236 1540 285 1578 nec
293 1523 411 1593 fratris,
427 1521 589 1592 (Neptuni),
610 1539 659 1576 nec
675 1528 702 1575 te
720 1539 781 1574 mea
793 1525 895 1592 gralia
909 1525 1015 1593 tangit,
1034 1523 1078 1576 At
1095 1522 1167 1576 caeli
1183 1523 1312 1575 miserere
1331 1521 1383 1574 tui.

237 1595 423 1663 Circumspice
434 1599 606 1663 utrumque:
624 1594 732 1646 Fumat
746 1598 866 1661 uterque
881 1593 973 1662 polus,
993 1610 1063 1663 quos
1081 1595 1109 1646 si
1127 1593 1283 1645 uiolauerit
1299 1591 1385 1661 agnes,

234 1664 324 1718 Atrio
337 1669 432 1717 uestra
444 1669 534 1718 ruent.
571 1679 642 1717 oum
654 1666 731 1716 Ioue
743 1663 835 1732 superi
849 1680 955 1717 omnes,
1057 1666 1106 1719 70.
1124 1666 1242 1727 optatis
1254 1661 1327 1715 uotis
1341 1663 1385 1727 87.

235 1738 360 1799 pondus
377 1738 480 1788 inesse
498 1733 599 1787 eodem
618 1750 702 1787 sensu
722 1750 777 1803 quo
791 1734 905 1804 pondus
922 1733 1021 1787 babere
1037 1750 1089 1803 pro
1107 1744 1169 1787 rata
1181 1733 1239 1786 fieri
1256 1733 1385 1801 frequen-

235 1805 314 1859 tauit.
389 1808 433 1861 71.
451 1808 586 1868 Ipsaque
603 1809 641 1858 tu
658 1806 770 1858 Tellus.
807 1803 890 1857 Adis
903 1803 989 1858 maris
1001 1813 1092 1858 terrae
1105 1804 1176 1858 caeli
1189 1803 1226 1858 ad
1238 1804 1309 1856 haec
1323 1802 1386 1872 ipsa

236 1877 377 1930 elementa
395 1892 426 1928 se
445 1877 582 1928 conuertit
601 1874 682 1927 ‘And
701 1875 769 1928 thou
788 1875 839 1942 thy
857 1874 925 1929 selfe
946 1874 995 1942 (oh
1014 1876 1109 1929 Tellus
1131 1873 1221 1943 sayre)
1240 1875 1309 1928 thou
1329 1875 1386 1928 Sea

237 1946 303 1999 with
325 1946 362 1999 all
387 1946 437 2013 thy
456 1962 569 1999 waues:
600 1944 667 1998 And
688 1946 764 2012 Ayer
784 1944 897 2012 highest
919 1946 952 1998 of
967 1946 1102 2013 therest,
1121 1953 1222 2014 graunt
1241 1945 1315 1998 what
1337 1947 1386 2012 my

237 2033 352 2086 prayers
377 2033 484 2069 craues.
529 2014 596 2069 And
620 2014 672 2069 eke
697 2032 753 2083 you
779 2016 889 2068 Starres
915 2015 972 2069 and
995 2017 1109 2069 Phebus
1127 2024 1164 2083 to,
1183 2013 1250 2068 with
1269 2014 1386 2068 beames

237 2087 406 2156 compassed
427 2086 541 2154 bright:
570 2086 653 2138 Thou
679 2087 785 2139 Moone
806 2087 866 2138 also
891 2087 954 2139 who
975 2103 1061 2140 never
1081 2086 1160 2154 do'st,
1181 2101 1212 2139 as
1237 2102 1284 2139 ere
1309 2087 1387 2139 shew

237 2158 311 2210 forth
336 2158 387 2224 thy
410 2155 487 2224 light.
537 2157 619 2209 Thou
646 2155 736 2224 Night
766 2157 829 2209 who
859 2156 898 2223 by
928 2157 978 2224 thy
1008 2156 1130 2210 darknes
1160 2165 1211 2224 art,
1241 2156 1274 2209 of
1300 2172 1387 2224 many

239 2227 401 2280 honoured:
421 2225 479 2280 and
498 2225 550 2280 eke
568 2242 624 2294 you
642 2227 750 2279 Dames
769 2227 832 2278 who
851 2226 917 2279 with
934 2227 1013 2281 three
1031 2227 1132 2294 hands,
1146 2227 1200 2280 doe
1218 2225 1319 2295 spinne
1337 2227 1387 2280 the

238 2296 344 2351 certain
357 2297 454 2350 thred'
467 2298 500 2351 T.
509 2295 698 2349 Vnderdown.
761 2299 809 2352 72.
828 2299 935 2351 aether
947 2313 1068 2351 summe
1079 2297 1136 2352 Cic.
1147 2299 1182 2351 N.
1196 2299 1232 2350 D.
1243 2297 1269 2351 ii.
1280 2311 1322 2362 40.
1337 2312 1384 2350 101

237 2369 358 2422 ultimus
375 2372 403 2420 el
419 2385 438 2419 α
455 2367 603 2420 domiciliis
620 2369 725 2420 nostris
742 2367 899 2420 altc'sse'mus
915 2370 1010 2421 omnia
1022 2370 1135 2438 cingens
1145 2373 1173 2421 et
1183 2384 1305 2422 coercens
1317 2367 1391 2421 caeli

237 2437 404 2507 complexus,
426 2439 479 2507 qui
495 2438 567 2491 idem
589 2436 686 2489 aether
704 2444 829 2492 uocatur.
912 2441 958 2492 73.
977 2442 1075 2492 radiis
1096 2442 1290 2492 circumdata
1310 2441 1388 2492 eolis

237 2513 349 2573 imago.
386 2507 505 2561 Videtur
526 2506 706 2561 simulacrum
731 2507 784 2561 sibi
809 2509 914 2578 fingere
938 2519 1104 2562 coronatum
1128 2509 1223 2577 radiis
1246 2511 1277 2563 F.
1297 2508 1313 2562 i.
1334 2508 1386 2576 385

235 2581 329 2633 rade'is
340 2579 508 2648 Hyperiona
520 2580 648 2631 eructum.
766 2581 814 2634 74.
831 2595 1004 2644 numquam
1021 2595 1084 2644 quo
1101 2583 1192 2645 prius
1210 2595 1263 2633 ore
1280 2582 1388 2635 micea

240 2652 280 2703 M.
300 2668 342 2703 xv.
365 2649 414 2717 196
438 2650 498 2702 Nec
514 2652 575 2719 por
593 2655 645 2702 aut
669 2649 762 2702 eadem
783 2656 936 2704 nocturnae
950 2650 1051 2720 fccrma
1072 2651 1186 2706 Dzunae
1205 2650 1277 2703 Esse
1295 2653 1390 2720 potest

238 2737 382 2788 umquam,
401 2723 561 2789 semperque
580 2719 716 2772 hodierna
735 2726 869 2788 sequente,
889 2722 926 2774 Si
942 2723 1046 2788 crescit,
1066 2723 1162 2774 minor
1179 2727 1227 2789 est,
1249 2723 1343 2774 maior
1361 2721 1391 2773 si

237 2790 381 2844 contrabit
392 2791 482 2844 orbem
497 2788 629 2856 (Ciofan.)
744 2794 762 2845 7
764 2795 792 2846 5.
809 2794 1011 2845 tenebrarum
1023 2795 1126 2855 speeie
1137 2808 1195 2845 non
1208 2801 1250 2846 est
1263 2790 1387 2846 tenebris

239 2878 310 2931 quas
334 2861 422 2914 oculis
448 2859 560 2928 subicis,
586 2860 637 2914 sed
664 2860 765 2914 eodem
794 2879 878 2915 sensu
906 2879 962 2931 quo
990 2862 1066 2930 apud
1092 2861 1258 2916 Ciceronem
1286 2861 1389 2916 dicitur

135 2990 138 2995 ,
240 2932 295 2986 Pis.
315 2931 349 2985 xi.
370 2945 404 2998 24
421 2931 488 3001 fuit
506 2935 619 3000 pompa,
635 2931 702 3001 fuit
721 2933 828 3000 species,
850 2932 885 2986 de
906 2933 984 2987 Orat.
1001 2932 1027 2986 ii.
1047 2944 1088 2998 72.
1106 2947 1158 3000 294
1182 2933 1335 3002 quamdam
1356 2934 1389 2985 iu

237 3003 353 3056 dz'cendo
375 3004 491 3072 speciem
511 3007 599 3071 atque
618 3005 753 3072 pompam
779 3002 898 3072 ‘pomp’
1017 3006 1064 3059 76.
1094 3004 1197 3056 Parcas
1222 3003 1290 3056 dicit
1314 3019 1388 3072 quae

238 3090 304 3127 cum
325 3083 382 3127 tres
405 3073 460 3127 sint
481 3071 602 3136 triplici
622 3076 735 3137 pollice
756 3083 824 3127 nent
846 3089 926 3138 opus
946 3080 1052 3128 ratum
1074 3073 1121 3126 fila
1141 3073 1190 3126 fati
1211 3072 1280 3126 certi
1299 3083 1327 3127 et
1346 3073 1388 3125 in-

239 3143 390 3197 mutabilis.
429 3144 512 3197 Cons
530 3143 568 3197 ad
588 3141 647 3197 Liu.
660 3143 712 3209 444
728 3143 820 3197 Stant
836 3149 909 3212 rata,
928 3161 985 3198 uon
1003 3144 1065 3198 ulla
1075 3145 1133 3213 fila
1151 3144 1273 3197 renena'a
1291 3160 1387 3197 manu.

239 3218 286 3270 77.
304 3217 461 3268 horrendo
479 3230 649 3268 murmure.
687 3215 865 3267 Burmannus
881 3213 962 3269 affert
980 3214 1223 3269 Hermesianactis
1238 3231 1336 3268 uersus
1352 3214 1389 3268 de

241 3285 357 3354 Orpheo
381 3284 457 3353 apud
482 3284 585 3338 inferos
607 3285 710 3338 Athen.
732 3296 780 3352 597
796 3282 880 3337 Ἔνθα
900 3287 992 3354 Χάρων
1013 3285 1098 3353 κοινὴν
1118 3283 1218 3338 ἕλκεται
1240 3284 1276 3338 είς
1296 3284 1390 3337 ἄκατον

239 3356 329 3423 Ψυχὰς
350 3355 499 3424 οἰχομένων,
520 3352 596 3421 λίμνη
618 3353 639 3406 δ’
659 3355 701 3407 ἐπὶ
724 3356 821 3422 μακρὸν
841 3354 912 3408 sibrei
931 3355 1022 3422 Ῥεῦμα
1044 3356 1097 3410 διὲκ
1117 3355 1239 3424 μεγάλων
1260 3353 1389 3424 συρομένη

240 3425 360 3480 δονάκων.
459 3429 507 3481 78.
531 3428 750 3488 Inperiuratae
768 3442 867 3489 aquae
886 3427 955 3495 Styx
973 3427 1017 3481 Di
1032 3427 1113 3480 cuius
1130 3427 1228 3478 iurare
1246 3427 1392 3479 lamentet

232 3495 340 3564 fallere
357 3511 460 3549 numen
479 3497 551 3549 Aen.
566 3494 602 3549 vi.
618 3510 678 3562 324.
765 3501 813 3552 79.
831 3501 979 3561 Quasque
998 3495 1172 3551 Eumenides
1189 3498 1296 3550 feriant
1313 3497 1391 3550 fama

240 3576 284 3621 est
303 3569 410 3620 sedere
428 3569 550 3629 capillis
570 3569 695 3619 uitiatis
714 3582 816 3631 angue
833 3570 962 3632 intorto,
980 3569 1008 3622 h.
1017 3584 1041 3622 e.
1060 3583 1167 3636 angues
1189 3565 1306 3619 innexos
1328 3577 1390 3620 tan·

241 3653 327 3706 quarn
347 3635 480 3690 uittarum
498 3635 608 3690 taenias
626 3636 804 3692 habentibus.
841 3638 912 3692 Aen.
925 3638 971 3692 vii.
985 3649 1045 3705 352,
1065 3637 1192 3706 Choeph.
1208 3651 1275 3705 1049
1293 3640 1390 3690 πεπλε·

165 3711 168 3717 ‘
241 3707 390 3773 usucapione
415 3709 524 3761 Πνκνοῖς
548 3706 696 3773 δράκουσιν,
721 3707 768 3760 ubi
795 3707 935 3777 Coniugio
959 3726 994 3762 ex
1019 3710 1101 3762 Pausi.
1125 3707 1142 3762 i.
1164 3707 1207 3760 28.
1229 3707 1246 3760 6
1272 3707 1390 3762 adnotat

241 3776 363 3857 primum
375 3776 549 3844 Aeschylum
562 3775 661 3830 Furias
674 3776 715 3830 sic
726 3788 962 3846 repraesentasse.
1009 3794 1111 3843 angue
1123 3777 1269 3846 anguibus.
1308 3779 1389 3832 Pont.

241 3846 279 3900 rii.
302 3860 396 3911 1.124
419 3847 539 3899 Neraue
561 3847 680 3900 nodosos
703 3864 796 3918 angue
819 3850 941 3903 Medusa
964 3864 1062 3903 comas.
1170 3851 1220 3902 80.
1239 3851 1390 3903 Carceris.

242 3915 353 3970 Eadem
373 3916 461 3968 uerba
480 3916 517 3970 de
535 3916 637 3970 eadem
658 3935 688 3971 re
711 3920 752 3973 M.
771 3919 807 3973 iv.
821 3932 874 3987 453
898 3919 1051 3974 Carceris
1071 3929 1148 3973 ante
1168 3919 1258 3972 fores
1279 3920 1391 3973 clausas

241 3987 392 4040 adamante
403 3987 537 4055 sedebant,
547 3988 645 4056 Deque
655 3990 715 4042 suis
724 3995 804 4042 atros
810 3991 956 4059 pectebant
966 3991 1090 4044 crinibus
1101 4005 1214 4059 angues.
1247 3991 1280 4042 ln
1293 3989 1391 4043 limine

243 4057 309 4110 Orci
332 4066 360 4110 et
380 4056 520 4125 Vergilius
545 4057 642 4127 posuit
660 4060 771 4129 ferreos
791 4061 985 4114 Eumenidum
1009 4061 1156 4128 thalamos,
1180 4061 1252 4114 Aen.
1271 4059 1307 4114 vi.
1330 4061 1390 4113 280.

241 4131 288 4183 81.
306 4129 396 4191 plebs
414 4143 563 4191 superum
583 4139 762 4198 opponuntur
780 4130 963 4184 nobilioribus
982 4135 1022 4186 M.
1036 4131 1053 4185 i.
1070 4143 1126 4198 173.
1164 4131 1208 4182 Ex
1227 4131 1281 4183 hoc
1302 4129 1391 4184 Ibidis

241 4198 305 4251 loco
330 4197 449 4266 sumpsit
476 4198 614 4252 Martialis
638 4199 695 4253 viii.
716 4212 757 4268 50.
779 4215 830 4267 2-4
860 4202 1028 4271 Quantaque
1051 4218 1111 4254 nou
1131 4202 1242 4270 superis
1265 4201 1393 4254 omnibus

241 4269 296 4322 illa
304 4268 370 4337 fecit
384 4268 448 4337 Qua
466 4268 552 4321 bonni
570 4270 697 4324 accubuit
709 4273 826 4340 genitor
835 4288 898 4325 cum
912 4273 991 4343 plebe
1007 4273 1122 4326 oleorum
1133 4272 1177 4324 Et
1187 4271 1393 4324 licuitFaunes

237 4343 351 4409 poscere
368 4340 439 4392 ulna
457 4338 552 4391 Iouem
567 4337 724 4408 (Zingerle).
766 4344 849 4396 lares
867 4360 930 4396 cum
951 4343 1056 4397 Faunis
1076 4341 1231 4410 Satirisque
1249 4341 1392 4396 coniunxit

244 4418 274 4463 ut
292 4407 460 4463 rusticorum
478 4409 629 4479 praecipue
646 4410 763 4465 numina
783 4414 854 4466 Hor.
869 4414 897 4466 C.
913 4413 950 4467 iii.
964 4428 1005 4481 23.
1019 4428 1044 4480 4,
1064 4412 1128 4466 Tib.
1141 4411 1158 4466 i.
1175 4427 1196 4465 1.
1211 4426 1254 4466 20.
1342 4415 1392 4467 82.

242 4483 421 4535 semideum
441 4482 481 4534 M.
495 4479 512 4534 i.
530 4495 586 4548 192,
605 4480 658 4536 xiv.
671 4481 732 4549 673.
812 4486 862 4538 83.
880 4487 920 4538 ab
938 4487 1067 4548 antiquo
1087 4485 1173 4537 Chao
1194 4484 1233 4537 M.
1248 4481 1275 4537 ii.
1288 4497 1341 4551 299
1356 4482 1393 4535 In
