3038 5010
208 369 247 424 90
689 363 870 428 SCHOLIA

244 538 318 598 521.
339 523 645 600 thuerepertori.
661 522 761 583 Archi·
844 520 1045 597 Archilochus,
1075 523 1192 586 ianibici
1219 528 1356 589 carminis

208 604 292 665 locus
333 607 467 665 inuentor
508 606 605 677 iambi,
641 614 761 681 propter
802 605 944 676 inuentor,
971 607 1017 666 cui
1041 607 1243 669 maledicentia
1267 613 1356 669 exitio

208 686 323 762 linguae
352 705 421 744 suae
449 688 629 762 manitatem,
653 687 758 745 missus
800 686 861 745 fuit.
906 685 972 745 Cod.
988 686 1150 765 Soluogmi.

208 777 252 827 est
265 787 294 825 1n
309 769 433 826 exilium
472 767 505 828 C.

252 863 319 923 523.
341 848 456 925 thue
485 867 604 925 parum
635 849 761 907 stabili.
845 849 982 908 *Menius
1003 861 1100 926 poeta,
1119 852 1188 928 quia
1209 852 1285 912 male
1304 853 1356 912 de·

212 927 580 1007 *QuidampoetafactaAt
581 930 763 989 heniensium
805 932 918 1026 scripsit
939 931 1159 991 Atheniensium
1179 929 1298 1014 [gesta],
1318 936 1356 992 ab

210 1012 285 1070 male
308 1013 475 1088 descripsit.
499 1030 589 1088 quare
610 1013 647 1069 ab
670 1011 711 1070 eis
733 1021 762 1070 et
804 1012 845 1071 eis
870 1013 900 1071 in
925 1031 1070 1072 carcerem
1095 1016 1207 1090 positus
1230 1025 1283 1085 est,
1305 1017 1356 1074 ubi

118 1140 120 1144 .
210 1094 272 1151 eius
287 1095 393 1169 scripta
407 1095 560 1152 combusta
570 1102 675 1152 suntet
684 1092 762 1151 rdem
803 1108 872 1151 eum
886 1093 963 1152 lame
978 1095 1052 1152 mori
1070 1094 1200 1155 fecerunt
1216 1106 1246 1154 et
1265 1097 1356 1157 libros

209 1173 285 1234 fame
300 1175 391 1251 periit.
437 1174 474 1234 G.
804 1176 865 1233 eius
881 1174 1055 1234 deleuerunt.
1097 1177 1165 1235 Ast.
1181 1183 1207 1234 ct
1220 1176 1253 1237 C.

251 1255 482 1326 Anaxandrides,
498 1275 559 1316 non
574 1255 699 1326 Meuius,
714 1265 745 1313 ut
759 1256 841 1314 multi
856 1257 1022 1315 retulerunt.
1067 1256 1145 1316 hunc
1160 1258 1240 1316 enim
1254 1257 1355 1318 Anax-

211 1338 363 1397 andridem
386 1337 539 1397 Eustacius
567 1337 653 1398 refert
680 1352 772 1413 quom
798 1338 994 1397 Athenienses
1016 1339 1110 1398 bonas
1139 1339 1218 1415 leges
1247 1340 1355 1400 habere

211 1420 319 1478 diceret
338 1418 391 1478 sed
408 1421 490 1478 malis
507 1419 547 1477 uti
567 1437 619 1478 eos
636 1419 820 1494 praedicaret,
837 1429 1076 1496 enumeraretque
1095 1432 1205 1480 ceteras
1220 1423 1355 1481 nationes

211 1511 349 1577 quaeant
370 1502 432 1559 sine
453 1501 518 1577 lege
540 1511 638 1559 essent
657 1510 706 1559 aut
725 1518 786 1558 non
805 1500 835 1557 in
851 1501 1014 1560 condendis
1028 1501 1141 1578 legibus
1155 1512 1269 1561 tanturn
1285 1505 1355 1562 salis

210 1583 386 1654 habuissent,
411 1583 475 1640 usui
499 1582 632 1640 uenirent
653 1591 752 1640 tamen
775 1582 885 1653 melius,
912 1583 1061 1642 coniectus
1086 1585 1116 1641 in
1141 1603 1287 1644 carcerem
1312 1595 1356 1644 est

210 1664 363 1740 inediaque
385 1665 528 1723 extinctus
549 1673 578 1723 et
598 1663 659 1722 eius
676 1681 750 1741 opus
767 1664 882 1740 publice
904 1675 1123 1724 concrematum
1142 1675 1194 1724 est
1233 1665 1299 1725 Cod.
1316 1669 1355 1741 3⁶

212 1743 315 1804 Semz'n.
330 1746 480 1804 Palouz'ni.

253 1823 445 1907 [Imprecatur
459 1835 583 1885 mortem
597 1825 741 1884 Aristonis
755 1836 860 1902 poetae
870 1827 932 1905 qui,
945 1845 1011 1886 cum
1022 1827 1150 1887 carmine
1163 1820 1355 1887 lacess‘iuisset

210 1908 392 1967 Athenarum
413 1907 514 1966 laudes
535 1909 684 1967 inmensas
705 1909 824 1984 scriptas
846 1910 884 1968 ab
906 1909 1067 1968 oratoribus
1088 1908 1167 1967 libris
1184 1909 1234 1985 qui
1255 1910 1356 1968 inscri-

212 1990 318 2047 buntur
332 1989 545 2062 Panathenaici,
560 1989 676 2048 decreto
696 1990 814 2064 publico
829 1989 905 2048 fame
919 1991 1011 2066 perire
1027 1999 1146 2049 coactus
1160 2001 1212 2050 est.
1244 1990 1355 2048 Anaxi-

211 2088 313 2130 menes
333 2080 438 2141 autem,
457 2080 490 2129 ut
510 2081 555 2129 est
575 2070 653 2146 apud
675 2070 857 2164 Pausaniam,
879 2071 983 2129 librum
1005 2071 1119 2129 edidit
1112 2089 1142 2129 rn
1156 2071 1355 2131 Athenienses

211 2151 463 2210 Lacedaemonios
477 2170 512 2210 ac
526 2152 688 2209 Thebanos
703 2153 757 2209 sub
772 2153 892 2211 nomine
906 2152 1105 2228 Theopompi.
1139 2151 1212 2228 Reg
1231 2155 1306 2210 2061
1312 2149 1333 2234 .]

253 2247 320 2306 525.
362 2231 475 2310 thue
517 2232 610 2308 lyrae
654 2242 759 2291 uates
837 2231 1354 2310 *Lycofrenuslquidampoetaluit,

210 2312 363 2389 *Orpheus
386 2322 515 2389 repertor
539 2313 625 2371 illiciti
653 2314 761 2372 amoris
802 2315 860 2391 qui,
889 2314 958 2372 dum
994 2315 1173 2374 comoediam
1208 2332 1290 2374 suam
1325 2317 1356 2374 in

209 2413 227 2454 a
255 2394 452 2454 sacerdotibus
480 2394 586 2452 Bacchi
613 2393 761 2453 dexteram
805 2414 894 2454 scena
915 2396 1062 2468 recitabat,
1093 2414 1190 2471 puras,
1212 2397 1235 2455 i.
1252 2397 1355 2468 nudaS,

210 2477 312 2535 amisit.
344 2485 413 2534 tunc
435 2475 489 2547 ille,
515 2476 617 2534 uidens
642 2493 674 2533 se
698 2494 759 2533 non
801 2494 957 2554 puerorum
983 2486 1011 2536 et
1033 2477 1193 2554 puellarum
1221 2478 1356 2538 cohortes

209 2575 298 2635 posse
313 2557 485 2629 citharizare,
495 2556 575 2616 irruit
588 2557 618 2614 in
630 2575 680 2616 eas
691 2557 761 2615 nihil
801 2559 1038 2635 repraesentabat
1057 2569 1086 2618 et
1100 2559 1252 2637 quendam
1271 2562 1356 2618 nzinir

246 2732 307 2779 5²1·
326 2716 413 2767 lisinas
431 2724 496 2768 recte
515 2715 538 2768 d
556 2712 735 2766 Archilochus
752 2712 906 2766 iamborum
925 2715 1062 2782 inuentor,
1080 2721 1226 2784 postquam
1245 2715 1356 2769 Licam·

208 2786 263 2909 ρει]
285 2792 412 2852 coegerat
436 2785 471 2837 ad
495 2784 669 2853 suspendium
693 2783 728 2836 ab
752 2785 847 2837 amicis
871 2785 929 2838 eius
952 2793 1112 2854 persecutus
1131 2788 1250 2855 seipsum
1270 2787 1356 2840 inter·

220 2857 292 2910 ecit!

248 2946 308 2993 523.
327 2929 457 2981 Historiae
457 2927 572 2994 fictrctae
613 2925 722 2979 Meuius
731 2929 796 2980 Ask.
832 2928 1001 2994 gestaom.G
1034 2943 1145 2981 carcere
1157 2929 1260 2996 positus
1272 2926 1357 2984 furtG

211 2998 403 3052 morifameC
470 3000 555 3051 Paria
565 2999 642 3050 Mure
653 3000 694 3066 qui
706 2998 947 3067 ineptitdeVergiiii
959 3000 1131 3052 obtrectatore.
1168 3002 1198 3053 In
1211 3001 1295 3052 Menio
1307 3002 1356 3052 isto

211 3089 299 3124 nerum
311 3089 397 3123 nomen
409 3069 488 3122 latere
501 3069 580 3134 credo,
591 3071 708 3131 fortasse
721 3070 875 3191 Μιαὶρδρυαι.
911 3071 956 3121 An
968 3079 1005 3122 est
1018 3069 1139 3122 Melius?
1164 3089 1209 3138 quo
1222 3073 1320 3123 nomine
1331 3081 1355 3124 et

210 3142 345 3210 Diagoras
357 3161 388 3193 ex
398 3141 465 3192 Melo
476 3151 501 3192 et
511 3141 626 3192 Socrates
639 3139 799 3207 tamqnamd
816 3161 857 3193 εος
868 3142 920 3192 noti
922 3143 1044 3205 fuerunt.
1071 3139 1234 3209 (Suid.s.u.)
1261 3142 1355 3193 Inloco

210 3214 384 3266 obscurissimo
396 3230 444 3263 non
461 3211 577 3263 dubitaui
593 3210 664 3262 edere
679 3212 893 3278 interpretationes
907 3209 1032 3263 Italorum
1045 3212 1115 3264 Sacc.
1128 3211 1181 3262 XV
1180 3210 1285 3278 ,quales
1297 3223 1356 3265 sunt

210 3285 335 3336 Patauini
347 3284 376 3335 de
390 3281 577 3335 Anaxandrtde
588 3290 612 3334 et
609 3299 685 3372 quae
696 3281 762 3334 hanc
773 3293 900 3335 secuntur
939 3282 1048 3335 Aristot.
1061 3281 1124 3334 Eth.
1138 3249 1197 3334 Nic.
1212 3282 1270 3334 VII.
1280 3296 1324 3335 12.
1340 3299 1353 3347 3

204 3349 292 3406 Ἐοικε
311 3353 373 3420 di‘
361 3375 375 3405 ο
392 3352 502 3419 ἀκρατὴς
518 3349 619 3404 πόλει
606 3371 621 3418 η
633 3351 724 3442 φηφίζ
722 3372 775 3403 εται
793 3352 839 3416 μὲν
857 3351 954 3404 ἅπαντα
973 3352 1005 3403 τὰ
1022 3350 1113 3405 δέοντα
1131 3351 1172 3404 καὶ
1190 3353 1283 3419 νόμους
1301 3353 1355 3421 ἔχει

211 3423 375 3514 σπουδαίους,
393 3424 486 3492 χρῆται
499 3420 527 3474 δέ
540 3420 652 3482 οὐδέν,
636 3442 725 3490 ωσπερ
737 3418 934 3491 Ἀναξανδρίδης
951 3419 1107 3491 ἕσκωφεν,’
1110 3429 1134 3473 Η
1148 3423 1225 3476 πολις
1236 3420 1355 3485 ἐβούλεθ’

210 3489 227 3562 ᾗ
240 3497 322 3562 νόμων
334 3494 407 3546 οὐδὲν
419 3493 501 3561 μέλει.
537 3493 586 3544 Sed
598 3493 838 3545 Anaxandridem
828 3511 854 3544 m
873 3509 999 3545 carcerem
1005 3495 1145 3546 com'ectum
1160 3494 1243 3546 inedia
1250 3496 1356 3562 periisse

210 3584 258 3618 non
277 3567 383 3634 comperi
403 3583 477 3632 neque
494 3564 564 3632 apud
578 3564 766 3616 Eustratinm'
756 3582 783 3615 tn
801 3574 930 3616 comment.
947 3565 985 3616 ad
999 3565 1061 3616 Eth.
1077 3565 1134 3616 VII.
1150 3581 1180 3615 ιτ
1194 3583 1269 3631 neque
1286 3565 1358 3634 apud

210 3637 376 3689 Eustathium
389 3635 426 3688 ad
436 3636 510 3686 Hom.
526 3647 603 3716 1373,
619 3637 694 3699 1834,
708 3652 782 3701 neque
792 3645 852 3686 ante
863 3653 903 3686 me
920 3637 1038 3702 comperit
1051 3635 1216 3702 Satuagnius.
1254 3635 1303 3686 Sed
1312 3654 1355 3688 nec

210 3706 334 3759 Henricus
342 3705 513 3769 Chandier‚
487 3722 529 3756 uir
537 3705 563 3756 in
573 3703 739 3757 Aristotelicis
749 3703 871 3757 studiis'
848 3723 870 3756 st
879 3706 935 3772 quis
945 3705 1012 3757 alius
1021 3706 1151 3766 exceliens,
1159 3706 1214 3757 tale
1221 3707 1355 3773 quicquam

210 3779 236 3828 in
249 3778 384 3829 Eustratio
395 3777 496 3828 inuenit.
542 3776 621 3827 Ραυς.
636 3775 679 3826 VI.
695 3778 724 3825 18
739 3775 855 3826 Φαίνεται
872 3775 900 3827 δέ
913 3796 953 3827 και
945 3774 1073 3844 ανδραὸ
1084 3771 1249 3866 Ἀναξιμένης
1260 3774 1357 3845 ἐχθρὸν

210 3846 255 3898 οὐκ
274 3845 439 3914 ἀμαθέστατα
456 3843 525 3897 ἀλλὰ
543 3846 584 3896 καὶ
602 3843 831 3911 έπιφθονώτατα’
817 3845 981 3913 αμυνάμενος.
1008 3843 1131 3915 ἐπεφύκει
1148 3847 1195 3912 μέν
1212 3845 1288 3900 αυτὸς
1306 3867 1356 3899 σο·

209 3916 292 3985 φιστὴ
295 3938 307 3970 ς
319 3917 360 3969 καί
373 3917 511 3985 σοφιστῶν
522 3916 618 3982 λόγους
629 3915 797 4004 μιμείσθαη·’
784 3937 818 3969 ως
834 3915 863 3967 δέ
875 3916 899 3967 ol
912 3915 1050 3985 διαφορὰ’
1037 3938 1063 3971 ες
1076 3917 1229 3984 θεόπομπον
1241 3916 1355 3986 ἐγεγόνει

208 3988 253 4040 τὸν
270 3986 497 4055 Δαμασιστράτου,
510 3986 607 4075 γράφει
622 3985 758 4048 βιβλίον’
744 4008 772 4040 ες
783 3983 939 4078 Ἀθηναίους,
951 3986 1022 4039 nui'
1008 4008 1051 4041 επι
1042 3986 1274 4052 Λακεδαιμονίοις
1290 3988 1356 4072 ὁμοῦ

208 4058 249 4110 καὶ
262 4057 394 4124 θηβοίοις,
404 4055 560 4145 συγγραφὴν
570 4055 723 4148 λοίδρρον,“
710 4078 744 4110 ως
753 4054 807 4109 δὲ’
793 4078 823 4123 ην
836 4057 861 4110 ές
870 4077 899 4109 το
890 4055 1136 4125 ἆκριβέστατον’
1107 4055 1175 4127 αυτῷ
1186 4057 1355 4126 μεμιμημένα,

207 4127 357 4218 ἐπιγράψας
374 4129 421 4181 τοῦ
438 4129 594 4219 θεοπόμπου
611 4127 641 4180 τὸ
659 4125 739 4196 ὄνομα
756 4130 792 4199 τῷ
809 4127 908 4217 βιβλίῳ
927 4127 1105 4196 διέπεμπεν’
1081 4149 1117 4182 εις
1134 4128 1180 4182 τὰς
1197 4130 1295 4182 πόλεις·
1314 4128 1356 4180 καὶ

207 4197 283 4253 αὐτός
295 4221 322 4252 τε
336 4194 553 4289 συγγεγραφὼς’
538 4219 577 4264 ην,
590 4197 631 4249 καὶ
642 4198 672 4251 τὸ
684 4196 761 4267 εχθος
772 4179 831 4251 τδ’
817 4220 844 4253 ες
857 4179 1038 4286 θεδπομπον’
1023 4200 1070 4251 ovd
1081 4200 1169 4252 πᾶσαν
1180 4199 1227 4267 τὴν
1238 4195 1355 4252 Ἐλλάδα

206 4268 343 4360 ε’πηίξητο.
387 4268 418 4322 οὔ
442 4291 491 4338 μην
512 4268 571 4322 οὐδε
589 4267 669 4322 εἰπεῖν
686 4290 724 4323 τις
744 4269 918 4339 αὐτοσχεδίως
938 4265 1117 4338 Ἀναξιμένους
1125 4269 1295 4357 πρότερὸς’
1282 4291 1356 4322 εστιν

206 4339 326 4428 εὕρηκας.
348 4363 380 4394 τα
382 4341 449 4432 ἔπη
471 4339 547 4393 δέ
520 4361 552 4393 τα
571 4338 598 4394 ές
621 4337 845 4408 Ἀλέξανδρον”
814 4361 844 4392 ου
865 4361 908 4408 μοι
931 4342 1013 4394 πιστά
1033 4340 1106 4395 έστιν
1125 4335 1290 4410 Ἀναξιμένην
1310 4342 1355 4395 τὸν

206 4431 351 4479 nolanam
368 4407 441 4465 εἶναι.
511 4410 683 4478 pantheniaci
702 4410 822 4464 carmine
838 4411 902 4478 Reg.
1048 4451 1050 4455 .

243 4500 305 4549 5²5·
322 4483 535 4553 repertorLact.
549 4482 633 4536 Narr.
647 4481 711 4534 Fab.
724 4483 760 4535 X.
778 4482 936 4550 rpuerilem
949 4496 1080 4536 uenerem
1093 4481 1222 4537 instituit·
1259 4480 1353 4536 citari·
