<?xml version="1.0" encoding="UTF-8"?>
<!DOCTYPE html PUBLIC "-//W3C//DTD XHTML 1.0 Transitional//EN"
    "http://www.w3.org/TR/xhtml1/DTD/xhtml1-transitional.dtd">
<html xmlns="http://www.w3.org/1999/xhtml" xml:lang="en" lang="en">
 <head>
  <title>
</title>
<meta http-equiv="Content-Type" content="text/html;charset=utf-8" />
  <meta name='ocr-system' content='tesseract 3.04.00' />
  <meta name='ocr-capabilities' content='ocr_page ocr_carea ocr_par ocr_line ocrx_word'/>
</head>
<body>
  <div class='ocr_page' id='page_1' title='image "./povidiinasonisi00elligoog_0252.png"; bbox 0 0 3038 5010; ppageno 0'>
   <div class='ocr_carea' id='block_1_1' title="bbox 653 386 1347 464">
    <p class='ocr_par' dir='ltr' id='par_1_1' title="bbox 653 386 1347 464">
     <span class='ocr_line' id='line_1_1' title="bbox 653 386 1347 464; baseline 0.004 -20"><span class='ocrx_word' id='word_1_1' title='bbox 653 386 879 464; x_wconf 38' lang='lat' dir='ltr'><em>,uxcyusvs</em></span> <span class='ocrx_word' id='word_1_2' title='bbox 1292 394 1347 448; x_wconf 77' lang='lat' dir='ltr'><em>nr</em></span> 
     </span>
    </p>
   </div>
   <div class='ocr_carea' id='block_1_2' title="bbox 190 539 1346 2517">
    <p class='ocr_par' dir='ltr' id='par_1_2' title="bbox 191 539 1346 1528">
     <span class='ocr_line' id='line_1_2' title="bbox 197 539 1346 614; baseline 0 -16"><span class='ocrx_word' id='word_1_3' title='bbox 197 544 219 598; x_wconf 92' lang='lat' dir='ltr'>P</span> <span class='ocrx_word' id='word_1_4' title='bbox 228 539 415 614; x_wconf 74' lang='lat' dir='ltr'><em>pmtidtden,</em></span> <span class='ocrx_word' id='word_1_5' title='bbox 430 541 576 596; x_wconf 85' lang='lat' dir='ltr'><em>Conradus</em></span> <span class='ocrx_word' id='word_1_6' title='bbox 595 541 631 596; x_wconf 91' lang='lat' dir='ltr'><em>de</em></span> <span class='ocrx_word' id='word_1_7' title='bbox 652 544 734 597; x_wconf 89' lang='lat' dir='ltr'><em>Mure</em></span> <span class='ocrx_word' id='word_1_8' title='bbox 747 542 910 613; x_wconf 71' lang='lat' dir='ltr'><em>pentiidem</em></span> <span class='ocrx_word' id='word_1_9' title='bbox 928 541 1049 597; x_wconf 79' lang='lat' dir='ltr'><strong>exhibet.</strong></span> <span class='ocrx_word' id='word_1_10' title='bbox 1088 542 1145 597; x_wconf 90' lang='lat' dir='ltr'><em>Sed</em></span> <span class='ocrx_word' id='word_1_11' title='bbox 1164 544 1219 596; x_wconf 94' lang='lat' dir='ltr'><em>hoc</em></span> <span class='ocrx_word' id='word_1_12' title='bbox 1232 544 1346 613; x_wconf 74' lang='lat' dir='ltr'><em>penthi-</em></span> 
     </span>
     <span class='ocr_line' id='line_1_3' title="bbox 194 611 1345 684; baseline 0 -16"><span class='ocrx_word' id='word_1_13' title='bbox 194 614 256 668; x_wconf 85' lang='lat' dir='ltr'><em>dem</em></span> <span class='ocrx_word' id='word_1_14' title='bbox 269 613 341 668; x_wconf 89' lang='lat' dir='ltr'><em>mira</em></span> <span class='ocrx_word' id='word_1_15' title='bbox 352 612 513 667; x_wconf 90' lang='lat' dir='ltr'><em>constantia</em></span> <span class='ocrx_word' id='word_1_16' title='bbox 524 611 591 666; x_wconf 92' lang='lat' dir='ltr'><em>boni</em></span> <span class='ocrx_word' id='word_1_17' title='bbox 603 624 739 682; x_wconf 90' lang='lat' dir='ltr'><em>respuunt</em></span> <span class='ocrx_word' id='word_1_18' title='bbox 753 614 874 682; x_wconf 90' lang='lat' dir='ltr'><em>codices,</em></span> <span class='ocrx_word' id='word_1_19' title='bbox 885 631 937 668; x_wconf 92' lang='lat' dir='ltr'><em>nec</em></span> <span class='ocrx_word' id='word_1_20' title='bbox 947 623 1041 683; x_wconf 91' lang='lat' dir='ltr'><em>potest</em></span> <span class='ocrx_word' id='word_1_21' title='bbox 1054 630 1152 667; x_wconf 90' lang='lat' dir='ltr'><em>uerum</em></span> <span class='ocrx_word' id='word_1_22' title='bbox 1165 630 1236 682; x_wconf 88' lang='lat' dir='ltr'><em>esse,</em></span> <span class='ocrx_word' id='word_1_23' title='bbox 1248 631 1345 684; x_wconf 90' lang='lat' dir='ltr'><em>quam·</em></span> 
     </span>
     <span class='ocr_line' id='line_1_4' title="bbox 195 679 1345 753; baseline 0.002 -15"><span class='ocrx_word' id='word_1_24' title='bbox 195 684 239 738; x_wconf 92' lang='lat' dir='ltr'><em>uis</em></span> <span class='ocrx_word' id='word_1_25' title='bbox 257 683 287 739; x_wconf 92' lang='lat' dir='ltr'><em>in</em></span> <span class='ocrx_word' id='word_1_26' title='bbox 304 679 443 738; x_wconf 84' lang='lat' dir='ltr'>editiones</span> <span class='ocrx_word' id='word_1_27' title='bbox 461 700 526 737; x_wconf 90' lang='lat' dir='ltr'><em>suas</em></span> <span class='ocrx_word' id='word_1_28' title='bbox 541 683 694 738; x_wconf 90' lang='lat' dir='ltr'><em>Merkelius</em></span> <span class='ocrx_word' id='word_1_29' title='bbox 712 694 740 738; x_wconf 91' lang='lat' dir='ltr'><em>et</em></span> <span class='ocrx_word' id='word_1_30' title='bbox 759 695 823 753; x_wconf 93' lang='lat' dir='ltr'><em>post</em></span> <span class='ocrx_word' id='word_1_31' title='bbox 836 702 900 738; x_wconf 92' lang='lat' dir='ltr'><em>eum</em></span> <span class='ocrx_word' id='word_1_32' title='bbox 915 684 1027 739; x_wconf 85' lang='lat' dir='ltr'><em>Riesius</em></span> <span class='ocrx_word' id='word_1_33' title='bbox 1041 683 1213 738; x_wconf 85' lang='lat' dir='ltr'>admiserint.</span> <span class='ocrx_word' id='word_1_34' title='bbox 1251 687 1345 740; x_wconf 85' lang='lat' dir='ltr'>Causa</span> 
     </span>
     <span class='ocr_line' id='line_1_5' title="bbox 194 754 1344 824; baseline 0.001 -16"><span class='ocrx_word' id='word_1_35' title='bbox 194 755 296 809; x_wconf 89' lang='lat' dir='ltr'><em>erroris</em></span> <span class='ocrx_word' id='word_1_36' title='bbox 309 771 344 809; x_wconf 85' lang='lat' dir='ltr'><em>ex</em></span> <span class='ocrx_word' id='word_1_37' title='bbox 360 754 484 824; x_wconf 87' lang='lat' dir='ltr'><em>eoquod</em></span> <span class='ocrx_word' id='word_1_38' title='bbox 498 755 625 808; x_wconf 88' lang='lat' dir='ltr'><em>Penthea</em></span> <span class='ocrx_word' id='word_1_39' title='bbox 642 771 706 808; x_wconf 91' lang='lat' dir='ltr'><em>curn</em></span> <span class='ocrx_word' id='word_1_40' title='bbox 721 756 849 824; x_wconf 83' lang='lat' dir='ltr'>Lycurgo</span> <span class='ocrx_word' id='word_1_41' title='bbox 868 756 959 808; x_wconf 90' lang='lat' dir='ltr'>solent</span> <span class='ocrx_word' id='word_1_42' title='bbox 972 760 1074 824; x_wconf 86' lang='lat' dir='ltr'><em>po&#39;e&#39;tae</em></span> <span class='ocrx_word' id='word_1_43' title='bbox 1087 754 1257 823; x_wconf 86' lang='lat' dir='ltr'><em>coniungere</em></span> <span class='ocrx_word' id='word_1_44' title='bbox 1270 765 1344 810; x_wconf 89' lang='lat' dir='ltr'><em>tam·</em></span> 
     </span>
     <span class='ocr_line' id='line_1_6' title="bbox 195 823 1344 895; baseline 0 -15"><span class='ocrx_word' id='word_1_45' title='bbox 195 841 280 895; x_wconf 84' lang='lat' dir='ltr'><em>quam</em></span> <span class='ocrx_word' id='word_1_46' title='bbox 293 824 404 895; x_wconf 82' lang='lat' dir='ltr'><em>impios.</em></span> <span class='ocrx_word' id='word_1_47' title='bbox 443 824 527 878; x_wconf 86' lang='lat' dir='ltr'><strong>Diod.</strong></span> <span class='ocrx_word' id='word_1_48' title='bbox 544 824 582 879; x_wconf 83' lang='lat' dir='ltr'><em>iii.</em></span> <span class='ocrx_word' id='word_1_49' title='bbox 597 825 641 894; x_wconf 82' lang='lat'><em>65.</em></span> <span class='ocrx_word' id='word_1_50' title='bbox 658 839 676 891; x_wconf 91' lang='grc'>4</span> <span class='ocrx_word' id='word_1_51' title='bbox 695 830 750 879; x_wconf 86' lang='grc' dir='ltr'><em>Τῶν</em></span> <span class='ocrx_word' id='word_1_52' title='bbox 769 826 797 879; x_wconf 81' lang='grc' dir='ltr'><em>δὲ</em></span> <span class='ocrx_word' id='word_1_53' title='bbox 819 825 999 879; x_wconf 78' lang='grc' dir='ltr'>κολασθέντων</span> <span class='ocrx_word' id='word_1_54' title='bbox 1020 823 1062 878; x_wconf 81' lang='grc' dir='ltr'><em>ὑπ’</em></span> <span class='ocrx_word' id='word_1_55' title='bbox 1080 827 1160 878; x_wconf 81' lang='grc' dir='ltr'>αὐτοῦ</span> <span class='ocrx_word' id='word_1_56' title='bbox 1182 829 1266 894; x_wconf 82' lang='grc' dir='ltr'>φασιν</span> <span class='ocrx_word' id='word_1_57' title='bbox 1287 827 1344 880; x_wconf 81' lang='grc' dir='ltr'>ἐπι·</span> 
     </span>
     <span class='ocr_line' id='line_1_7' title="bbox 194 889 1343 978; baseline 0.002 -30"><span class='ocrx_word' id='word_1_58' title='bbox 194 897 373 963; x_wconf 86' lang='grc' dir='ltr'>φανεστάτους</span> <span class='ocrx_word' id='word_1_59' title='bbox 385 889 447 949; x_wconf 81' lang='grc' dir='ltr'>εἶναι</span> <span class='ocrx_word' id='word_1_60' title='bbox 460 893 559 949; x_wconf 79' lang='grc' dir='ltr'>Πενθέα</span> <span class='ocrx_word' id='word_1_61' title='bbox 571 896 618 963; x_wconf 71' lang='grc' dir='ltr'><em>μέν</em></span> <span class='ocrx_word' id='word_1_62' title='bbox 630 896 699 963; x_wconf 84' lang='grc' dir='ltr'>παρὰ</span> <span class='ocrx_word' id='word_1_63' title='bbox 711 897 765 950; x_wconf 81' lang='grc' dir='ltr'>τοῖς</span> <span class='ocrx_word' id='word_1_64' title='bbox 772 893 897 963; x_wconf 76' lang='grc' dir='ltr'>Ἕλλησι,</span> <span class='ocrx_word' id='word_1_65' title='bbox 910 894 1047 978; x_wconf 76' lang='grc' dir='ltr'>Μύρῥανον</span> <span class='ocrx_word' id='word_1_66' title='bbox 1059 894 1087 949; x_wconf 74' lang='grc' dir='ltr'><em>δὲ</em></span> <span class='ocrx_word' id='word_1_67' title='bbox 1100 897 1145 949; x_wconf 87' lang='grc' dir='ltr'>τὸν</span> <span class='ocrx_word' id='word_1_68' title='bbox 1157 896 1272 960; x_wconf 82' lang='grc' dir='ltr'>βασιλέα</span> <span class='ocrx_word' id='word_1_69' title='bbox 1283 894 1343 967; x_wconf 87' lang='grc' dir='ltr'>παρ’</span> 
     </span>
     <span class='ocr_line' id='line_1_8' title="bbox 193 963 1346 1036; baseline 0.003 -18"><span class='ocrx_word' id='word_1_70' title='bbox 193 963 291 1032; x_wconf 78' lang='grc' dir='ltr'>Ἰνδοῖς,</span> <span class='ocrx_word' id='word_1_71' title='bbox 311 969 459 1036; x_wconf 85' lang='grc' dir='ltr'>Λυκοῦργον</span> <span class='ocrx_word' id='word_1_72' title='bbox 477 965 505 1017; x_wconf 77' lang='grc' dir='ltr'><em>δὲ</em></span> <span class='ocrx_word' id='word_1_73' title='bbox 523 966 593 1034; x_wconf 79' lang='grc' dir='ltr'>παρὰ</span> <span class='ocrx_word' id='word_1_74' title='bbox 610 967 665 1020; x_wconf 83' lang='grc' dir='ltr'>τοῖς</span> <span class='ocrx_word' id='word_1_75' title='bbox 683 965 774 1035; x_wconf 76' lang='grc' dir='ltr'>θραξί.</span> <span class='ocrx_word' id='word_1_76' title='bbox 813 968 882 1020; x_wconf 87' lang='lat' dir='ltr'><em>Hor.</em></span> <span class='ocrx_word' id='word_1_77' title='bbox 898 967 928 1021; x_wconf 91' lang='lat' dir='ltr'><em>C.</em></span> <span class='ocrx_word' id='word_1_78' title='bbox 942 967 969 1020; x_wconf 83' lang='lat' dir='ltr'><em>il.</em></span> <span class='ocrx_word' id='word_1_79' title='bbox 987 980 1025 1034; x_wconf 88' lang='lat'><em>19.</em></span> <span class='ocrx_word' id='word_1_80' title='bbox 1043 980 1075 1032; x_wconf 87' lang='grc'><em>14</em></span> <span class='ocrx_word' id='word_1_81' title='bbox 1087 972 1212 1036; x_wconf 81' lang='lat' dir='ltr'><em>tectaque</em></span> <span class='ocrx_word' id='word_1_82' title='bbox 1224 967 1346 1021; x_wconf 76' lang='lat' dir='ltr'><em>Penthei</em></span> 
     </span>
     <span class='ocr_line' id='line_1_9' title="bbox 194 1035 1341 1108; baseline 0.001 -18"><span class='ocrx_word' id='word_1_83' title='bbox 194 1037 320 1091; x_wconf 84' lang='lat' dir='ltr'><em>Disiecta</em></span> <span class='ocrx_word' id='word_1_84' title='bbox 339 1052 395 1090; x_wconf 88' lang='lat' dir='ltr'><em>non</em></span> <span class='ocrx_word' id='word_1_85' title='bbox 411 1036 471 1090; x_wconf 89' lang='lat' dir='ltr'><em>leni</em></span> <span class='ocrx_word' id='word_1_86' title='bbox 488 1037 575 1089; x_wconf 89' lang='lat' dir='ltr'><em>ruina</em></span> <span class='ocrx_word' id='word_1_87' title='bbox 600 1035 718 1090; x_wconf 79' lang='lat' dir='ltr'><em>Thracis</em></span> <span class='ocrx_word' id='word_1_88' title='bbox 736 1041 765 1090; x_wconf 88' lang='lat' dir='ltr'><em>et</em></span> <span class='ocrx_word' id='word_1_89' title='bbox 782 1039 902 1091; x_wconf 83' lang='lat' dir='ltr'><em>exitium</em></span> <span class='ocrx_word' id='word_1_90' title='bbox 921 1038 1055 1108; x_wconf 85' lang='lat' dir='ltr'><em>Lycurgi.</em></span> <span class='ocrx_word' id='word_1_91' title='bbox 1087 1038 1169 1106; x_wconf 85' lang='lat' dir='ltr'><em>Prop.</em></span> <span class='ocrx_word' id='word_1_92' title='bbox 1190 1037 1225 1092; x_wconf 91' lang='lat' dir='ltr'><em>iv.</em></span> <span class='ocrx_word' id='word_1_93' title='bbox 1249 1051 1286 1104; x_wconf 90' lang='lat'><em>17.</em></span> <span class='ocrx_word' id='word_1_94' title='bbox 1308 1053 1341 1106; x_wconf 87' lang='lat'><em>23</em></span> 
     </span>
     <span class='ocr_line' id='line_1_10' title="bbox 199 1107 1343 1178; baseline 0.002 -18"><span class='ocrx_word' id='word_1_95' title='bbox 199 1107 390 1176; x_wconf 82' lang='lat' dir='ltr'><em>Vesanumque</em></span> <span class='ocrx_word' id='word_1_96' title='bbox 408 1123 483 1160; x_wconf 90' lang='lat' dir='ltr'><em>noua</em></span> <span class='ocrx_word' id='word_1_97' title='bbox 504 1107 674 1176; x_wconf 81' lang='lat' dir='ltr'><em>nequiquam</em></span> <span class='ocrx_word' id='word_1_98' title='bbox 694 1109 726 1161; x_wconf 87' lang='lat' dir='ltr'><em>in</em></span> <span class='ocrx_word' id='word_1_99' title='bbox 746 1109 804 1161; x_wconf 90' lang='lat' dir='ltr'><em>nite</em></span> <span class='ocrx_word' id='word_1_100' title='bbox 821 1109 992 1178; x_wconf 85' lang='lat' dir='ltr'><em>Lycurgum,</em></span> <span class='ocrx_word' id='word_1_101' title='bbox 1011 1107 1149 1161; x_wconf 78' lang='lat' dir='ltr'><em>Pentheos</em></span> <span class='ocrx_word' id='word_1_102' title='bbox 1166 1109 1197 1161; x_wconf 89' lang='lat' dir='ltr'><em>in</em></span> <span class='ocrx_word' id='word_1_103' title='bbox 1216 1109 1343 1178; x_wconf 80' lang='lat' dir='ltr'><em>tn&#39;plices</em></span> 
     </span>
     <span class='ocr_line' id='line_1_11' title="bbox 191 1177 1342 1248; baseline 0.003 -18"><span class='ocrx_word' id='word_1_104' title='bbox 191 1177 295 1243; x_wconf 66' lang='lat' dir='ltr'><em>limera</em></span> <span class='ocrx_word' id='word_1_105' title='bbox 303 1183 393 1248; x_wconf 86' lang='lat' dir='ltr'><em>grata</em></span> <span class='ocrx_word' id='word_1_106' title='bbox 400 1192 509 1247; x_wconf 78' lang='lat' dir='ltr'><em>greges.</em></span> <span class='ocrx_word' id='word_1_107' title='bbox 540 1177 623 1231; x_wconf 88' lang='lat' dir='ltr'><em>Trist.</em></span> <span class='ocrx_word' id='word_1_108' title='bbox 637 1195 662 1230; x_wconf 91' lang='lat' dir='ltr'><em>v.</em></span> <span class='ocrx_word' id='word_1_109' title='bbox 677 1192 701 1245; x_wconf 89' lang='lat'><em>3.</em></span> <span class='ocrx_word' id='word_1_110' title='bbox 716 1192 749 1246; x_wconf 88' lang='lat'><em>39</em></span> <span class='ocrx_word' id='word_1_111' title='bbox 765 1178 835 1232; x_wconf 86' lang='lat' dir='ltr'><em>Ossa</em></span> <span class='ocrx_word' id='word_1_112' title='bbox 848 1178 1018 1248; x_wconf 60' lang='lat' dir='ltr'><em>bipenniferi</em></span> <span class='ocrx_word' id='word_1_113' title='bbox 1027 1179 1068 1232; x_wconf 87' lang='lat' dir='ltr'><em>sic</em></span> <span class='ocrx_word' id='word_1_114' title='bbox 1082 1180 1143 1231; x_wconf 90' lang='lat' dir='ltr'><em>sint</em></span> <span class='ocrx_word' id='word_1_115' title='bbox 1156 1179 1230 1232; x_wconf 87' lang='lat' dir='ltr'><em>male</em></span> <span class='ocrx_word' id='word_1_116' title='bbox 1242 1183 1342 1247; x_wconf 72' lang='lat' dir='ltr'><em>,tressa</em></span> 
     </span>
     <span class='ocr_line' id='line_1_12' title="bbox 193 1247 1341 1318; baseline 0 -16"><span class='ocrx_word' id='word_1_117' title='bbox 193 1248 321 1318; x_wconf 83' lang='lat' dir='ltr'><em>Lycurgi</em></span> <span class='ocrx_word' id='word_1_118' title='bbox 336 1249 432 1318; x_wconf 70' lang='lat' dir='ltr'><em>Impia</em></span> <span class='ocrx_word' id='word_1_119' title='bbox 453 1263 502 1301; x_wconf 86' lang='lat' dir='ltr'><em>nec</em></span> <span class='ocrx_word' id='word_1_120' title='bbox 517 1250 610 1317; x_wconf 77' lang='lat' dir='ltr'><em>poena</em></span> <span class='ocrx_word' id='word_1_121' title='bbox 624 1247 762 1302; x_wconf 79' lang='lat' dir='ltr'><em>Pentheos</em></span> <span class='ocrx_word' id='word_1_122' title='bbox 779 1249 879 1303; x_wconf 86' lang='lat' dir='ltr'><em>umbra</em></span> <span class='ocrx_word' id='word_1_123' title='bbox 896 1254 983 1303; x_wconf 83' lang='lat' dir='ltr'><em>uacet.</em></span> <span class='ocrx_word' id='word_1_124' title='bbox 1016 1249 1086 1302; x_wconf 92' lang='lat' dir='ltr'><em>Met.</em></span> <span class='ocrx_word' id='word_1_125' title='bbox 1106 1248 1142 1303; x_wconf 92' lang='lat' dir='ltr'><em>iv.</em></span> <span class='ocrx_word' id='word_1_126' title='bbox 1161 1262 1194 1300; x_wconf 85' lang='lat'><em>22</em></span> <span class='ocrx_word' id='word_1_127' title='bbox 1215 1249 1341 1302; x_wconf 82' lang='lat' dir='ltr'><em>Pentlzea</em></span> 
     </span>
     <span class='ocr_line' id='line_1_13' title="bbox 193 1317 1342 1399; baseline 0.001 -27"><span class='ocrx_word' id='word_1_128' title='bbox 193 1323 233 1399; x_wconf 69' lang='lat' dir='ltr'><em>tu,</em></span> <span class='ocrx_word' id='word_1_129' title='bbox 253 1319 416 1388; x_wconf 84' lang='lat' dir='ltr'><em>nemronde,</em></span> <span class='ocrx_word' id='word_1_130' title='bbox 433 1317 692 1388; x_wconf 61' lang='lat' dir='ltr'><em>bipenniferumque</em></span> <span class='ocrx_word' id='word_1_131' title='bbox 706 1319 869 1390; x_wconf 85' lang='lat' dir='ltr'><em>Lycurgum</em></span> <span class='ocrx_word' id='word_1_132' title='bbox 883 1320 1043 1389; x_wconf 82' lang='lat' dir='ltr'><em>Sacn&#39;legos</em></span> <span class='ocrx_word' id='word_1_133' title='bbox 1058 1323 1171 1373; x_wconf 87' lang='lat' dir='ltr'><em>mactes.</em></span> <span class='ocrx_word' id='word_1_134' title='bbox 1209 1319 1342 1388; x_wconf 89' lang='lat' dir='ltr'><em>Apollod.</em></span> 
     </span>
     <span class='ocr_line' id='line_1_14' title="bbox 194 1403 347 1443; baseline 0.007 -1"><span class='ocrx_word' id='word_1_135' title='bbox 194 1405 230 1442; x_wconf 92' lang='grc'>111.</span> <span class='ocrx_word' id='word_1_136' title='bbox 263 1403 297 1442; x_wconf 86' lang='grc'><em>,1</em></span> <span class='ocrx_word' id='word_1_137' title='bbox 322 1403 347 1443; x_wconf 86' lang='grc'><em>2.</em></span> 
     </span>
     <span class='ocr_line' id='line_1_15' title="bbox 229 1401 1078 1528; baseline 0 -15"><span class='ocrx_word' id='word_1_138' title='bbox 229 1401 367 1513; x_wconf 60' lang='lat' dir='ltr'><em>richilam</em></span> <span class='ocrx_word' id='word_1_139' title='bbox 382 1458 501 1527; x_wconf 87' lang='lat' dir='ltr'>Lycurgi</span> <span class='ocrx_word' id='word_1_140' title='bbox 514 1457 621 1528; x_wconf 92' lang='lat' dir='ltr'><em>primus</em></span> <span class='ocrx_word' id='word_1_141' title='bbox 635 1449 778 1514; x_wconf 85' lang='lat' dir='ltr'><em>Homerus</em></span> <span class='ocrx_word' id='word_1_142' title='bbox 790 1458 915 1514; x_wconf 85' lang='lat' dir='ltr'><em>narrauit</em></span> <span class='ocrx_word' id='word_1_143' title='bbox 929 1460 962 1515; x_wconf 96' lang='lat' dir='ltr'><em>Il.</em></span> <span class='ocrx_word' id='word_1_144' title='bbox 975 1458 1011 1514; x_wconf 91' lang='lat' dir='ltr'><em>vi.</em></span> <span class='ocrx_word' id='word_1_145' title='bbox 1028 1474 1078 1528; x_wconf 89' lang='lat'><em>130</em></span> 
     </span>
    </p>

    <p class='ocr_par' dir='ltr' id='par_1_3' title="bbox 369 1527 1096 1601">
     <span class='ocr_line' id='line_1_16' title="bbox 369 1527 1096 1601; baseline 0.004 -20"><span class='ocrx_word' id='word_1_146' title='bbox 369 1529 435 1582; x_wconf 79' lang='grc' dir='ltr'>Οὐδὲ</span> <span class='ocrx_word' id='word_1_147' title='bbox 453 1531 504 1599; x_wconf 85' lang='grc' dir='ltr'><em>γὰρ</em></span> <span class='ocrx_word' id='word_1_148' title='bbox 524 1529 583 1582; x_wconf 75' lang='grc' dir='ltr'>οὐδὲ</span> <span class='ocrx_word' id='word_1_149' title='bbox 601 1527 731 1599; x_wconf 76' lang='grc' dir='ltr'>Δρύαντος</span> <span class='ocrx_word' id='word_1_150' title='bbox 749 1531 802 1585; x_wconf 80' lang='grc' dir='ltr'>υἱὸς</span> <span class='ocrx_word' id='word_1_151' title='bbox 814 1531 936 1600; x_wconf 82' lang='grc' dir='ltr'>κρατερός</span> <span class='ocrx_word' id='word_1_152' title='bbox 948 1528 1096 1601; x_wconf 76' lang='grc' dir='ltr'>Λυκόοργος</span> 
     </span>
    </p>

    <p class='ocr_par' dir='ltr' id='par_1_4' title="bbox 369 1597 1011 1670">
     <span class='ocr_line' id='line_1_17' title="bbox 369 1597 1011 1670; baseline 0.005 -18"><span class='ocrx_word' id='word_1_153' title='bbox 369 1599 423 1667; x_wconf 82' lang='grc' dir='ltr'><em>Δήν</em></span> <span class='ocrx_word' id='word_1_154' title='bbox 441 1597 480 1666; x_wconf 84' lang='grc' dir='ltr'><em>ἦν,</em></span> <span class='ocrx_word' id='word_1_155' title='bbox 498 1598 526 1654; x_wconf 86' lang='grc' dir='ltr'><em>ὅς</em></span> <span class='ocrx_word' id='word_1_156' title='bbox 543 1597 577 1668; x_wconf 80' lang='grc' dir='ltr'><em>ῥα</em></span> <span class='ocrx_word' id='word_1_157' title='bbox 594 1600 694 1654; x_wconf 84' lang='grc' dir='ltr'>θεοῖσιν</span> <span class='ocrx_word' id='word_1_158' title='bbox 710 1599 903 1670; x_wconf 78' lang='grc' dir='ltr'>ἐπουρανίοισιν</span> <span class='ocrx_word' id='word_1_159' title='bbox 921 1601 1011 1670; x_wconf 76' lang='grc' dir='ltr'>ἔριζεν.</span> 
     </span>
    </p>

    <p class='ocr_par' dir='ltr' id='par_1_5' title="bbox 363 1668 953 1740">
     <span class='ocr_line' id='line_1_18' title="bbox 363 1668 953 1740; baseline 0.008 -18"><span class='ocrx_word' id='word_1_160' title='bbox 363 1668 412 1724; x_wconf 82' lang='lat' dir='ltr'><em>&#39;Os</em></span> <span class='ocrx_word' id='word_1_161' title='bbox 428 1691 491 1724; x_wconf 87' lang='grc' dir='ltr'>ποτε</span> <span class='ocrx_word' id='word_1_162' title='bbox 508 1670 670 1737; x_wconf 82' lang='grc' dir='ltr'>μαινομένοιο</span> <span class='ocrx_word' id='word_1_163' title='bbox 689 1669 832 1725; x_wconf 78' lang='grc' dir='ltr'>Διωνύσοιο</span> <span class='ocrx_word' id='word_1_164' title='bbox 850 1670 953 1740; x_wconf 83' lang='grc' dir='ltr'>τιθήνας</span> 
     </span>
    </p>

    <p class='ocr_par' dir='ltr' id='par_1_6' title="bbox 368 1736 1034 1811">
     <span class='ocr_line' id='line_1_19' title="bbox 368 1736 1034 1811; baseline 0.008 -19"><span class='ocrx_word' id='word_1_165' title='bbox 368 1745 430 1794; x_wconf 83' lang='grc' dir='ltr'>Σεῦε</span> <span class='ocrx_word' id='word_1_166' title='bbox 448 1738 500 1794; x_wconf 78' lang='grc' dir='ltr'>κατ’</span> <span class='ocrx_word' id='word_1_167' title='bbox 519 1736 629 1811; x_wconf 75' lang='grc' dir='ltr'>ἠγάθεον</span> <span class='ocrx_word' id='word_1_168' title='bbox 647 1739 770 1808; x_wconf 78' lang='grc' dir='ltr'>Νυσήιον·</span> <span class='ocrx_word' id='word_1_169' title='bbox 796 1743 823 1794; x_wconf 80' lang='grc' dir='ltr'><em>αἱ</em></span> <span class='ocrx_word' id='word_1_170' title='bbox 841 1739 864 1795; x_wconf 81' lang='grc' dir='ltr'><em>δ’</em></span> <span class='ocrx_word' id='word_1_171' title='bbox 882 1743 934 1810; x_wconf 78' lang='grc' dir='ltr'><em>ἅμα</em></span> <span class='ocrx_word' id='word_1_172' title='bbox 951 1744 1034 1797; x_wconf 76' lang='grc' dir='ltr'>πᾶσαι</span> 
     </span>
    </p>

    <p class='ocr_par' dir='ltr' id='par_1_7' title="bbox 368 1809 1157 1884">
     <span class='ocr_line' id='line_1_20' title="bbox 368 1809 1157 1884; baseline 0.004 -21"><span class='ocrx_word' id='word_1_173' title='bbox 368 1809 479 1865; x_wconf 78' lang='grc' dir='ltr'>θύσθλα</span> <span class='ocrx_word' id='word_1_174' title='bbox 496 1810 577 1881; x_wconf 76' lang='grc' dir='ltr'>χαμαὶ</span> <span class='ocrx_word' id='word_1_175' title='bbox 595 1809 740 1881; x_wconf 76' lang='grc' dir='ltr'>κατέχευαν,</span> <span class='ocrx_word' id='word_1_176' title='bbox 759 1810 801 1867; x_wconf 75' lang='grc' dir='ltr'><em>ὑπ’</em></span> <span class='ocrx_word' id='word_1_177' title='bbox 819 1811 991 1882; x_wconf 82' lang='grc' dir='ltr'>ἀνδροφόνοιο</span> <span class='ocrx_word' id='word_1_178' title='bbox 1009 1811 1157 1884; x_wconf 82' lang='grc' dir='ltr'>Λυκούργου</span> 
     </span>
    </p>

    <p class='ocr_par' dir='ltr' id='par_1_8' title="bbox 369 1882 1015 1954">
     <span class='ocr_line' id='line_1_21' title="bbox 369 1882 1015 1954; baseline 0.008 -21"><span class='ocrx_word' id='word_1_179' title='bbox 369 1883 516 1944; x_wconf 84' lang='grc' dir='ltr'>θεινόμεναι</span> <span class='ocrx_word' id='word_1_180' title='bbox 534 1883 674 1952; x_wconf 78' lang='grc' dir='ltr'>βουπλῆγι.</span> <span class='ocrx_word' id='word_1_181' title='bbox 704 1883 836 1938; x_wconf 81' lang='grc' dir='ltr'>Διώνυσος</span> <span class='ocrx_word' id='word_1_182' title='bbox 848 1882 876 1936; x_wconf 77' lang='grc' dir='ltr'><em>δὲ</em></span> <span class='ocrx_word' id='word_1_183' title='bbox 888 1884 1015 1954; x_wconf 70' lang='grc' dir='ltr'>φοβηθεὶς</span> 
     </span>
    </p>

    <p class='ocr_par' dir='ltr' id='par_1_9' title="bbox 367 1950 1116 2020">
     <span class='ocr_line' id='line_1_22' title="bbox 367 1950 1116 2020; baseline 0.005 -17"><span class='ocrx_word' id='word_1_184' title='bbox 367 1950 461 2006; x_wconf 86' lang='grc' dir='ltr'>Δύσεθ</span> <span class='ocrx_word' id='word_1_185' title='bbox 480 1953 544 2006; x_wconf 65' lang='lat' dir='ltr'><em>uhts</em></span> <span class='ocrx_word' id='word_1_186' title='bbox 561 1952 625 2005; x_wconf 80' lang='grc' dir='ltr'>κατὰ</span> <span class='ocrx_word' id='word_1_187' title='bbox 643 1954 717 2020; x_wconf 86' lang='grc' dir='ltr'>κῦμα,</span> <span class='ocrx_word' id='word_1_188' title='bbox 736 1953 810 2008; x_wconf 81' lang='grc' dir='ltr'>θέτις</span> <span class='ocrx_word' id='word_1_189' title='bbox 828 1950 851 2006; x_wconf 80' lang='grc' dir='ltr'><em>δ’</em></span> <span class='ocrx_word' id='word_1_190' title='bbox 868 1951 1009 2020; x_wconf 76' lang='grc' dir='ltr'>ὑπεδέξατο</span> <span class='ocrx_word' id='word_1_191' title='bbox 1028 1955 1116 2007; x_wconf 88' lang='grc' dir='ltr'>κόλπω</span> 
     </span>
    </p>

    <p class='ocr_par' dir='ltr' id='par_1_10' title="bbox 367 2005 1120 2094">
     <span class='ocr_line' id='line_1_23' title="bbox 367 2005 1120 2094; baseline 0.008 -21"><span class='ocrx_word' id='word_1_192' title='bbox 367 2022 495 2075; x_wconf 84' lang='grc' dir='ltr'>Δειδιότα·</span> <span class='ocrx_word' id='word_1_193' title='bbox 521 2022 642 2092; x_wconf 84' lang='grc' dir='ltr'>κρατερός</span> <span class='ocrx_word' id='word_1_194' title='bbox 659 2024 710 2092; x_wconf 86' lang='grc' dir='ltr'><em>γὰρ</em></span> <span class='ocrx_word' id='word_1_195' title='bbox 728 2024 772 2092; x_wconf 77' lang='grc' dir='ltr'><em>ἔχε</em></span> <span class='ocrx_word' id='word_1_196' title='bbox 791 2024 886 2093; x_wconf 87' lang='grc' dir='ltr'>τρόμος</span> <span class='ocrx_word' id='word_1_197' title='bbox 903 2023 996 2094; x_wconf 85' lang='grc' dir='ltr'>ἀνδρὸς</span> <span class='ocrx_word' id='word_1_198' title='bbox 1013 2005 1120 2092; x_wconf 78' lang='grc' dir='ltr'>ὁμοκλή.</span> 
     </span>
    </p>

    <p class='ocr_par' dir='ltr' id='par_1_11' title="bbox 366 2090 1133 2163">
     <span class='ocr_line' id='line_1_24' title="bbox 366 2090 1133 2163; baseline 0.009 -20"><span class='ocrx_word' id='word_1_199' title='bbox 366 2092 408 2162; x_wconf 71' lang='grc' dir='ltr'><em>Τῷ</em></span> <span class='ocrx_word' id='word_1_200' title='bbox 425 2092 472 2161; x_wconf 77' lang='grc' dir='ltr'><em>μὲν</em></span> <span class='ocrx_word' id='word_1_201' title='bbox 490 2090 568 2146; x_wconf 77' lang='grc' dir='ltr'>ἔπειτ’</span> <span class='ocrx_word' id='word_1_202' title='bbox 586 2091 713 2147; x_wconf 82' lang='grc' dir='ltr'>ὀδύσαντο</span> <span class='ocrx_word' id='word_1_203' title='bbox 731 2094 786 2147; x_wconf 82' lang='grc' dir='ltr'>θεοὶ</span> <span class='ocrx_word' id='word_1_204' title='bbox 804 2092 859 2163; x_wconf 78' lang='grc' dir='ltr'>ῥεῖα</span> <span class='ocrx_word' id='word_1_205' title='bbox 879 2095 992 2163; x_wconf 76' lang='grc' dir='ltr'>ζώοντες,</span> <span class='ocrx_word' id='word_1_206' title='bbox 1132 2154 1133 2158; x_wconf 11' lang='grc' dir='ltr'><strong>Ἰ</strong></span> 
     </span>
    </p>

    <p class='ocr_par' dir='ltr' id='par_1_12' title="bbox 366 2162 1148 2235">
     <span class='ocr_line' id='line_1_25' title="bbox 366 2162 1148 2235; baseline 0.003 -20"><span class='ocrx_word' id='word_1_207' title='bbox 366 2162 416 2216; x_wconf 82' lang='lat' dir='ltr'><em>lini</em></span> <span class='ocrx_word' id='word_1_208' title='bbox 433 2184 477 2232; x_wconf 88' lang='grc' dir='ltr'>μιν</span> <span class='ocrx_word' id='word_1_209' title='bbox 494 2164 596 2232; x_wconf 84' lang='grc' dir='ltr'>τυφλὸν</span> <span class='ocrx_word' id='word_1_210' title='bbox 613 2163 686 2230; x_wconf 71' lang='grc' dir='ltr'>ἔθηκε</span> <span class='ocrx_word' id='word_1_211' title='bbox 704 2165 804 2235; x_wconf 83' lang='grc' dir='ltr'>Κρόνου</span> <span class='ocrx_word' id='word_1_212' title='bbox 821 2167 889 2220; x_wconf 72' lang='grc' dir='ltr'>παῖς</span> <span class='ocrx_word' id='word_1_213' title='bbox 915 2163 969 2218; x_wconf 79' lang='grc' dir='ltr'>οὐδ’</span> <span class='ocrx_word' id='word_1_214' title='bbox 987 2162 1026 2234; x_wconf 85' lang='grc' dir='ltr'><em>ἀρ’</em></span> <span class='ocrx_word' id='word_1_215' title='bbox 1045 2165 1083 2219; x_wconf 77' lang='grc' dir='ltr'><em>ἔτι</em></span> <span class='ocrx_word' id='word_1_216' title='bbox 1102 2165 1148 2232; x_wconf 83' lang='grc' dir='ltr'><em>δήν</em></span> 
     </span>
    </p>

    <p class='ocr_par' dir='ltr' id='par_1_13' title="bbox 190 2228 1339 2517">
     <span class='ocr_line' id='line_1_26' title="bbox 361 2228 1038 2304; baseline 0.009 -19"><span class='ocrx_word' id='word_1_217' title='bbox 361 2228 423 2299; x_wconf 88' lang='grc' dir='ltr'><em>Ἠν,</em></span> <span class='ocrx_word' id='word_1_218' title='bbox 442 2233 498 2286; x_wconf 80' lang='grc' dir='ltr'>ε’πεὶ</span> <span class='ocrx_word' id='word_1_219' title='bbox 515 2232 681 2288; x_wconf 81' lang='grc' dir='ltr'>ἀθανάτοισιν</span> <span class='ocrx_word' id='word_1_220' title='bbox 698 2234 829 2304; x_wconf 78' lang='grc' dir='ltr'>ἀπήχθετο</span> <span class='ocrx_word' id='word_1_221' title='bbox 846 2237 912 2290; x_wconf 80' lang='grc' dir='ltr'>πᾶσι</span> <span class='ocrx_word' id='word_1_222' title='bbox 930 2235 1038 2291; x_wconf 81' lang='grc' dir='ltr'>θεοῖσιν.</span> 
     </span>
     <span class='ocr_line' id='line_1_27' title="bbox 191 2302 1338 2376; baseline 0.003 -18"><span class='ocrx_word' id='word_1_223' title='bbox 191 2306 228 2359; x_wconf 91' lang='lat' dir='ltr'><em>Et</em></span> <span class='ocrx_word' id='word_1_224' title='bbox 254 2302 330 2373; x_wconf 90' lang='lat' dir='ltr'><em>apud</em></span> <span class='ocrx_word' id='word_1_225' title='bbox 356 2304 514 2358; x_wconf 84' lang='lat' dir='ltr'><em>Homerum</em></span> <span class='ocrx_word' id='word_1_226' title='bbox 536 2303 650 2374; x_wconf 89' lang='lat' dir='ltr'><em>quidem</em></span> <span class='ocrx_word' id='word_1_227' title='bbox 674 2307 816 2376; x_wconf 89' lang='lat' dir='ltr'><em>Lycurgus</em></span> <span class='ocrx_word' id='word_1_228' title='bbox 841 2316 956 2376; x_wconf 90' lang='lat' dir='ltr'><em>propter</em></span> <span class='ocrx_word' id='word_1_229' title='bbox 979 2306 1154 2376; x_wconf 85' lang='lat' dir='ltr'><em>impietatem</em></span> <span class='ocrx_word' id='word_1_230' title='bbox 1176 2323 1277 2361; x_wconf 89' lang='lat' dir='ltr'><em>caecus</em></span> <span class='ocrx_word' id='word_1_231' title='bbox 1299 2309 1338 2362; x_wconf 90' lang='lat' dir='ltr'><em>fit.</em></span> 
     </span>
     <span class='ocr_line' id='line_1_28' title="bbox 190 2375 1339 2448; baseline 0.001 -19"><span class='ocrx_word' id='word_1_232' title='bbox 190 2375 275 2444; x_wconf 91' lang='lat' dir='ltr'>Apud</span> <span class='ocrx_word' id='word_1_233' title='bbox 294 2375 468 2444; x_wconf 82' lang='lat' dir='ltr'><strong>Sophoclem</strong></span> <span class='ocrx_word' id='word_1_234' title='bbox 489 2375 585 2442; x_wconf 88' lang='lat' dir='ltr'><em>Antig.</em></span> <span class='ocrx_word' id='word_1_235' title='bbox 605 2387 655 2443; x_wconf 82' lang='lat'><em>955</em></span> <span class='ocrx_word' id='word_1_236' title='bbox 677 2392 737 2446; x_wconf 90' lang='lat' dir='ltr'><em>sqq.</em></span> <span class='ocrx_word' id='word_1_237' title='bbox 758 2377 882 2445; x_wconf 78' lang='grc' dir='ltr'>πετρώδει</span> <span class='ocrx_word' id='word_1_238' title='bbox 907 2377 1086 2447; x_wconf 83' lang='grc' dir='ltr'>κατάφρακτος</span> <span class='ocrx_word' id='word_1_239' title='bbox 1109 2378 1137 2430; x_wconf 82' lang='grc' dir='ltr'><em>ἐν</em></span> <span class='ocrx_word' id='word_1_240' title='bbox 1161 2377 1249 2448; x_wconf 77' lang='grc' dir='ltr'>θεσμῷ</span> <span class='ocrx_word' id='word_1_241' title='bbox 1270 2396 1339 2432; x_wconf 90' lang='lat' dir='ltr'><em>saxo</em></span> 
     </span>
     <span class='ocr_line' id='line_1_29' title="bbox 190 2444 1337 2517; baseline 0.003 -19"><span class='ocrx_word' id='word_1_242' title='bbox 190 2444 313 2500; x_wconf 91' lang='lat' dir='ltr'><em>inclusus</em></span> <span class='ocrx_word' id='word_1_243' title='bbox 323 2462 340 2498; x_wconf 88' lang='lat' dir='ltr'><em>a</em></span> <span class='ocrx_word' id='word_1_244' title='bbox 350 2446 464 2499; x_wconf 92' lang='lat' dir='ltr'><em>Baccho</em></span> <span class='ocrx_word' id='word_1_245' title='bbox 474 2445 553 2514; x_wconf 91' lang='lat' dir='ltr'><em>perit.</em></span> <span class='ocrx_word' id='word_1_246' title='bbox 579 2446 768 2514; x_wconf 88' lang='lat' dir='ltr'><em>Apollodorus</em></span> <span class='ocrx_word' id='word_1_247' title='bbox 777 2447 807 2501; x_wconf 92' lang='lat' dir='ltr'><em>in</em></span> <span class='ocrx_word' id='word_1_248' title='bbox 818 2449 951 2517; x_wconf 87' lang='lat' dir='ltr'><em>Pangaeo</em></span> <span class='ocrx_word' id='word_1_249' title='bbox 963 2457 1060 2503; x_wconf 91' lang='lat' dir='ltr'><em>monte</em></span> <span class='ocrx_word' id='word_1_250' title='bbox 1072 2448 1153 2517; x_wconf 91' lang='lat' dir='ltr'><em>equis</em></span> <span class='ocrx_word' id='word_1_251' title='bbox 1163 2448 1337 2515; x_wconf 89' lang='lat' dir='ltr'><em>dilaniatum,</em></span> 
     </span>
    </p>
   </div>
   <div class='ocr_carea' id='block_1_3' title="bbox 100 2515 1338 2587">
    <p class='ocr_par' dir='ltr' id='par_1_14' title="bbox 100 2515 1338 2587">
     <span class='ocr_line' id='line_1_30' title="bbox 100 2515 1338 2587; baseline 0.002 -18"><span class='ocrx_word' id='word_1_252' title='bbox 100 2572 101 2576; x_wconf 59' lang='grc'>,</span> <span class='ocrx_word' id='word_1_253' title='bbox 191 2515 322 2584; x_wconf 85' lang='lat' dir='ltr'>Hyginus</span> <span class='ocrx_word' id='word_1_254' title='bbox 337 2515 368 2568; x_wconf 87' lang='lat' dir='ltr'><em>in</em></span> <span class='ocrx_word' id='word_1_255' title='bbox 385 2515 526 2584; x_wconf 90' lang='lat' dir='ltr'><strong>Rhodope</strong></span> <span class='ocrx_word' id='word_1_256' title='bbox 542 2516 687 2585; x_wconf 86' lang='lat' dir='ltr'>pantheris</span> <span class='ocrx_word' id='word_1_257' title='bbox 704 2517 846 2572; x_wconf 93' lang='lat' dir='ltr'><em>obiectum</em></span> <span class='ocrx_word' id='word_1_258' title='bbox 863 2518 957 2573; x_wconf 90' lang='lat' dir='ltr'><strong>tradit.</strong></span> <span class='ocrx_word' id='word_1_259' title='bbox 996 2519 1077 2572; x_wconf 89' lang='lat' dir='ltr'><em>Idem</em></span> <span class='ocrx_word' id='word_1_260' title='bbox 1094 2529 1189 2573; x_wconf 91' lang='lat' dir='ltr'><em>tamen</em></span> <span class='ocrx_word' id='word_1_261' title='bbox 1206 2520 1338 2587; x_wconf 82' lang='lat' dir='ltr'>Hyginus</span> 
     </span>
    </p>
   </div>
   <div class='ocr_carea' id='block_1_4' title="bbox 179 2585 1337 4417">
    <p class='ocr_par' dir='ltr' id='par_1_15' title="bbox 179 2585 1337 3642">
     <span class='ocr_line' id='line_1_31' title="bbox 189 2585 1336 2659; baseline 0.003 -19"><span class='ocrx_word' id='word_1_262' title='bbox 189 2585 244 2640; x_wconf 93' lang='lat' dir='ltr'><em>alio</em></span> <span class='ocrx_word' id='word_1_263' title='bbox 262 2587 324 2640; x_wconf 95' lang='lat' dir='ltr'><em>loco</em></span> <span class='ocrx_word' id='word_1_264' title='bbox 341 2599 392 2652; x_wconf 83' lang='lat'><em>242</em></span> <span class='ocrx_word' id='word_1_265' title='bbox 410 2585 503 2655; x_wconf 91' lang='lat' dir='ltr'><em>ipsum</em></span> <span class='ocrx_word' id='word_1_266' title='bbox 519 2602 550 2640; x_wconf 92' lang='lat' dir='ltr'><em>se</em></span> <span class='ocrx_word' id='word_1_267' title='bbox 568 2585 741 2642; x_wconf 85' lang='lat' dir='ltr'><em>interfecisse</em></span> <span class='ocrx_word' id='word_1_268' title='bbox 760 2588 835 2642; x_wconf 90' lang='lat' dir='ltr'><em>dicit.</em></span> <span class='ocrx_word' id='word_1_269' title='bbox 874 2590 932 2643; x_wconf 91' lang='lat' dir='ltr'><em>Sed</em></span> <span class='ocrx_word' id='word_1_270' title='bbox 945 2589 1106 2658; x_wconf 91' lang='lat' dir='ltr'><em>discrepant</em></span> <span class='ocrx_word' id='word_1_271' title='bbox 1119 2589 1205 2644; x_wconf 88' lang='lat' dir='ltr'><em>etiarn</em></span> <span class='ocrx_word' id='word_1_272' title='bbox 1218 2590 1336 2659; x_wconf 90' lang='lat' dir='ltr'><em>reliqua.</em></span> 
     </span>
     <span class='ocr_line' id='line_1_32' title="bbox 190 2655 1337 2739; baseline 0.004 -30"><span class='ocrx_word' id='word_1_273' title='bbox 190 2658 267 2711; x_wconf 91' lang='lat' dir='ltr'><em>Nam</em></span> <span class='ocrx_word' id='word_1_274' title='bbox 279 2656 453 2726; x_wconf 88' lang='lat' dir='ltr'><strong>Apollodoro</strong></span> <span class='ocrx_word' id='word_1_275' title='bbox 465 2664 537 2710; x_wconf 90' lang='lat' dir='ltr'><em>teste</em></span> <span class='ocrx_word' id='word_1_276' title='bbox 550 2655 588 2711; x_wconf 91' lang='lat' dir='ltr'><em>iii.</em></span> <span class='ocrx_word' id='word_1_277' title='bbox 603 2669 626 2725; x_wconf 80' lang='lat'><em>5.</em></span> <span class='ocrx_word' id='word_1_278' title='bbox 642 2673 652 2710; x_wconf 90' lang='lat'>1</span> <span class='ocrx_word' id='word_1_279' title='bbox 670 2660 813 2739; x_wconf 84' lang='lat' dir='ltr'><em>Lycurgus</em></span> <span class='ocrx_word' id='word_1_280' title='bbox 830 2670 981 2729; x_wconf 88' lang='lat' dir='ltr'><em>postquam</em></span> <span class='ocrx_word' id='word_1_281' title='bbox 999 2659 1115 2712; x_wconf 91' lang='lat' dir='ltr'><em>insanus</em></span> <span class='ocrx_word' id='word_1_282' title='bbox 1128 2659 1218 2713; x_wconf 84' lang='lat' dir='ltr'><em>tactus</em></span> <span class='ocrx_word' id='word_1_283' title='bbox 1232 2671 1306 2714; x_wconf 90' lang='lat' dir='ltr'><em>esset</em></span> <span class='ocrx_word' id='word_1_284' title='bbox 1319 2679 1337 2714; x_wconf 88' lang='lat' dir='ltr'><em>a</em></span> 
     </span>
     <span class='ocr_line' id='line_1_33' title="bbox 189 2726 1336 2797; baseline 0.003 -16"><span class='ocrx_word' id='word_1_285' title='bbox 189 2727 311 2796; x_wconf 86' lang='lat' dir='ltr'><em>Baccho,</em></span> <span class='ocrx_word' id='word_1_286' title='bbox 329 2726 418 2780; x_wconf 76' lang='lat' dir='ltr'><em>filium</em></span> <span class='ocrx_word' id='word_1_287' title='bbox 436 2742 518 2780; x_wconf 91' lang='lat' dir='ltr'><em>suum</em></span> <span class='ocrx_word' id='word_1_288' title='bbox 538 2729 704 2797; x_wconf 87' lang='lat' dir='ltr'><em>Dryantem,</em></span> <span class='ocrx_word' id='word_1_289' title='bbox 723 2728 788 2783; x_wconf 77' lang='lat' dir='ltr'><em>uitis</em></span> <span class='ocrx_word' id='word_1_290' title='bbox 810 2730 951 2783; x_wconf 92' lang='lat' dir='ltr'><em>surculum</em></span> <span class='ocrx_word' id='word_1_291' title='bbox 972 2739 1058 2797; x_wconf 90' lang='lat' dir='ltr'><em>ratus,</em></span> <span class='ocrx_word' id='word_1_292' title='bbox 1077 2730 1167 2783; x_wconf 89' lang='lat' dir='ltr'><em>securi</em></span> <span class='ocrx_word' id='word_1_293' title='bbox 1189 2729 1336 2797; x_wconf 86' lang='lat' dir='ltr'><em>interfecit,</em></span> 
     </span>
     <span class='ocr_line' id='line_1_34' title="bbox 188 2797 1336 2870; baseline 0.003 -20"><span class='ocrx_word' id='word_1_294' title='bbox 188 2813 276 2867; x_wconf 88' lang='lat' dir='ltr'><em>seque</em></span> <span class='ocrx_word' id='word_1_295' title='bbox 301 2797 362 2867; x_wconf 91' lang='lat' dir='ltr'><em>ipse</em></span> <span class='ocrx_word' id='word_1_296' title='bbox 386 2797 533 2851; x_wconf 80' lang='lat' dir='ltr'><em>mutilauit</em></span> <span class='ocrx_word' id='word_1_297' title='bbox 584 2799 749 2853; x_wconf 86' lang='lat' dir='ltr'><em>Secundum</em></span> <span class='ocrx_word' id='word_1_298' title='bbox 776 2799 922 2868; x_wconf 87' lang='lat' dir='ltr'>Hyginum</span> <span class='ocrx_word' id='word_1_299' title='bbox 950 2814 997 2867; x_wconf 90' lang='lat'><em>132</em></span> <span class='ocrx_word' id='word_1_300' title='bbox 1022 2801 1172 2870; x_wconf 85' lang='lat' dir='ltr'><em>Lycurgus</em></span> <span class='ocrx_word' id='word_1_301' title='bbox 1195 2801 1336 2864; x_wconf 79' lang='lat' dir='ltr'><em>Dryantis</em></span> 
     </span>
     <span class='ocr_line' id='line_1_35' title="bbox 179 2868 1336 2940; baseline 0.003 -20"><span class='ocrx_word' id='word_1_302' title='bbox 179 2868 266 2937; x_wconf 84' lang='lat' dir='ltr'><em>filius</em></span> <span class='ocrx_word' id='word_1_303' title='bbox 278 2869 410 2921; x_wconf 87' lang='lat' dir='ltr'><em>Liberum</em></span> <span class='ocrx_word' id='word_1_304' title='bbox 422 2868 456 2927; x_wconf 86' lang='lat' dir='ltr'><em>de</em></span> <span class='ocrx_word' id='word_1_305' title='bbox 466 2884 553 2938; x_wconf 85' lang='lat' dir='ltr'><em>regno</em></span> <span class='ocrx_word' id='word_1_306' title='bbox 556 2868 688 2939; x_wconf 85' lang='lat' dir='ltr'><em>fugauit.</em></span> <span class='ocrx_word' id='word_1_307' title='bbox 718 2886 800 2939; x_wconf 82' lang='lat' dir='ltr'><em>quem</em></span> <span class='ocrx_word' id='word_1_308' title='bbox 813 2887 875 2924; x_wconf 90' lang='lat' dir='ltr'><em>cum</em></span> <span class='ocrx_word' id='word_1_309' title='bbox 888 2876 1004 2940; x_wconf 81' lang='lat' dir='ltr'><em>negaret</em></span> <span class='ocrx_word' id='word_1_310' title='bbox 1014 2871 1096 2923; x_wconf 87' lang='lat' dir='ltr'><em>deum</em></span> <span class='ocrx_word' id='word_1_311' title='bbox 1113 2887 1169 2922; x_wconf 90' lang='lat' dir='ltr'><em>esse</em></span> <span class='ocrx_word' id='word_1_312' title='bbox 1181 2872 1336 2939; x_wconf 83' lang='lat' dir='ltr'><em>uz&#39;numque</em></span> 
     </span>
     <span class='ocr_line' id='line_1_36' title="bbox 187 2938 1337 3008; baseline 0.003 -17"><span class='ocrx_word' id='word_1_313' title='bbox 187 2938 296 2992; x_wconf 84' lang='lat' dir='ltr'><em>bc‘br&#39;sset</em></span> <span class='ocrx_word' id='word_1_314' title='bbox 313 2944 341 2992; x_wconf 89' lang='lat' dir='ltr'><em>et</em></span> <span class='ocrx_word' id='word_1_315' title='bbox 353 2939 450 2992; x_wconf 81' lang='lat' dir='ltr'><em>ein&#39;us</em></span> <span class='ocrx_word' id='word_1_316' title='bbox 467 2945 587 2992; x_wconf 83' lang='lat' dir='ltr'><em>matrem</em></span> <span class='ocrx_word' id='word_1_317' title='bbox 604 2957 686 2993; x_wconf 89' lang='lat' dir='ltr'><em>suam</em></span> <span class='ocrx_word' id='word_1_318' title='bbox 705 2941 814 2994; x_wconf 86' lang='lat' dir='ltr'><em>uiolare</em></span> <span class='ocrx_word' id='word_1_319' title='bbox 832 2940 974 3008; x_wconf 77' lang='lat' dir='ltr'><em>uoluisset,</em></span> <span class='ocrx_word' id='word_1_320' title='bbox 993 2947 1062 2994; x_wconf 90' lang='lat' dir='ltr'><em>tunc</em></span> <span class='ocrx_word' id='word_1_321' title='bbox 1077 2943 1149 2994; x_wconf 89' lang='lat' dir='ltr'><em>uites</em></span> <span class='ocrx_word' id='word_1_322' title='bbox 1161 2941 1284 2993; x_wconf 79' lang='lat' dir='ltr'><em>excedere</em></span> <span class='ocrx_word' id='word_1_323' title='bbox 1296 2947 1337 2995; x_wconf 90' lang='lat' dir='ltr'><em>est</em></span> 
     </span>
     <span class='ocr_line' id='line_1_37' title="bbox 185 3010 1334 3080; baseline 0.002 -18"><span class='ocrx_word' id='word_1_324' title='bbox 185 3015 310 3077; x_wconf 86' lang='lat' dir='ltr'><em>conotus,</em></span> <span class='ocrx_word' id='word_1_325' title='bbox 323 3010 401 3078; x_wconf 84' lang='lat' dir='ltr'><em>quod</em></span> <span class='ocrx_word' id='word_1_326' title='bbox 414 3010 517 3063; x_wconf 88' lang='lat' dir='ltr'><em>diceret</em></span> <span class='ocrx_word' id='word_1_327' title='bbox 534 3010 612 3064; x_wconf 88' lang='lat' dir='ltr'><em>illud</em></span> <span class='ocrx_word' id='word_1_328' title='bbox 627 3011 733 3065; x_wconf 85' lang='lat' dir='ltr'><em>mulum</em></span> <span class='ocrx_word' id='word_1_329' title='bbox 753 3011 982 3066; x_wconf 84' lang='lat' dir='ltr'><em>medicamentum</em></span> <span class='ocrx_word' id='word_1_330' title='bbox 997 3028 1060 3078; x_wconf 86' lang='lat' dir='ltr'><em>esse,</em></span> <span class='ocrx_word' id='word_1_331' title='bbox 1077 3011 1155 3080; x_wconf 86' lang='lat' dir='ltr'><em>quod</em></span> <span class='ocrx_word' id='word_1_332' title='bbox 1168 3016 1271 3066; x_wconf 89' lang='lat' dir='ltr'><em>mentes</em></span> <span class='ocrx_word' id='word_1_333' title='bbox 1283 3013 1334 3064; x_wconf 95' lang='lat' dir='ltr'><em>im-</em></span> 
     </span>
     <span class='ocr_line' id='line_1_38' title="bbox 186 3080 1334 3151; baseline 0.003 -19"><span class='ocrx_word' id='word_1_334' title='bbox 186 3085 318 3133; x_wconf 89' lang='lat' dir='ltr'><em>mutaret.</em></span> <span class='ocrx_word' id='word_1_335' title='bbox 348 3081 401 3149; x_wconf 81' lang='lat' dir='ltr'><em>qui</em></span> <span class='ocrx_word' id='word_1_336' title='bbox 411 3080 525 3133; x_wconf 89' lang='lat' dir='ltr'><em>insania</em></span> <span class='ocrx_word' id='word_1_337' title='bbox 538 3081 572 3133; x_wconf 88' lang='lat' dir='ltr'><em>ab</em></span> <span class='ocrx_word' id='word_1_338' title='bbox 583 3081 683 3135; x_wconf 83' lang='lat' dir='ltr'><em>Libero</em></span> <span class='ocrx_word' id='word_1_339' title='bbox 695 3082 797 3136; x_wconf 85' lang='lat' dir='ltr'><em>obiecta</em></span> <span class='ocrx_word' id='word_1_340' title='bbox 809 3098 924 3135; x_wconf 81' lang='lat' dir='ltr'><em>uxorem</em></span> <span class='ocrx_word' id='word_1_341' title='bbox 941 3099 1023 3135; x_wconf 87' lang='lat' dir='ltr'><em>suam</em></span> <span class='ocrx_word' id='word_1_342' title='bbox 1038 3087 1066 3134; x_wconf 91' lang='lat' dir='ltr'><em>et</em></span> <span class='ocrx_word' id='word_1_343' title='bbox 1077 3082 1175 3151; x_wconf 81' lang='lat' dir='ltr'><em>filium</em></span> <span class='ocrx_word' id='word_1_344' title='bbox 1187 3082 1334 3151; x_wconf 74' lang='lat' dir='ltr'><em>intersecet.</em></span> 
     </span>
     <span class='ocr_line' id='line_1_39' title="bbox 188 3148 1334 3221; baseline 0.003 -19"><span class='ocrx_word' id='word_1_345' title='bbox 188 3150 274 3203; x_wconf 91' lang='lat' dir='ltr'><em>Hunc</em></span> <span class='ocrx_word' id='word_1_346' title='bbox 292 3149 404 3205; x_wconf 89' lang='lat' dir='ltr'><em>uidetur</em></span> <span class='ocrx_word' id='word_1_347' title='bbox 422 3159 535 3204; x_wconf 90' lang='lat' dir='ltr'><em>secutus</em></span> <span class='ocrx_word' id='word_1_348' title='bbox 554 3151 615 3205; x_wconf 86' lang='lat' dir='ltr'><em>Val.</em></span> <span class='ocrx_word' id='word_1_349' title='bbox 635 3153 755 3206; x_wconf 86' lang='lat' dir='ltr'>Flaccus</span> <span class='ocrx_word' id='word_1_350' title='bbox 769 3152 786 3206; x_wconf 96' lang='lat' dir='ltr'><em>i.</em></span> <span class='ocrx_word' id='word_1_351' title='bbox 799 3165 851 3220; x_wconf 83' lang='lat'><em>729</em></span> <span class='ocrx_word' id='word_1_352' title='bbox 863 3148 947 3206; x_wconf 85' lang='lat' dir='ltr'><em>talem</em></span> <span class='ocrx_word' id='word_1_353' title='bbox 966 3153 1054 3207; x_wconf 86' lang='lat' dir='ltr'><em>incito</em></span> <span class='ocrx_word' id='word_1_354' title='bbox 1070 3152 1334 3221; x_wconf 84' lang='lat' dir='ltr'><em>longisPorticibus</em></span> 
     </span>
     <span class='ocr_line' id='line_1_40' title="bbox 184 3220 1333 3292; baseline 0.001 -19"><span class='ocrx_word' id='word_1_355' title='bbox 184 3221 362 3290; x_wconf 79' lang='lat' dir='ltr'><em>coniunxque</em></span> <span class='ocrx_word' id='word_1_356' title='bbox 364 3220 450 3290; x_wconf 87' lang='lat' dir='ltr'><em>sugit</em></span> <span class='ocrx_word' id='word_1_357' title='bbox 461 3223 576 3290; x_wconf 82' lang='lat' dir='ltr'><em>natique</em></span> <span class='ocrx_word' id='word_1_358' title='bbox 588 3222 757 3292; x_wconf 83' lang='lat' dir='ltr'><em>Lycurgum.</em></span> <span class='ocrx_word' id='word_1_359' title='bbox 785 3223 917 3292; x_wconf 89' lang='lat' dir='ltr'><em>Denique</em></span> <span class='ocrx_word' id='word_1_360' title='bbox 928 3233 1001 3277; x_wconf 90' lang='lat' dir='ltr'><em>teste</em></span> <span class='ocrx_word' id='word_1_361' title='bbox 1015 3222 1113 3277; x_wconf 89' lang='lat' dir='ltr'><em>Seruio</em></span> <span class='ocrx_word' id='word_1_362' title='bbox 1124 3221 1160 3275; x_wconf 88' lang='lat' dir='ltr'><em>ad</em></span> <span class='ocrx_word' id='word_1_363' title='bbox 1171 3223 1239 3274; x_wconf 88' lang='lat' dir='ltr'><em>Aen.</em></span> <span class='ocrx_word' id='word_1_364' title='bbox 1249 3221 1287 3274; x_wconf 91' lang='lat' dir='ltr'><em>iii.</em></span> <span class='ocrx_word' id='word_1_365' title='bbox 1303 3237 1333 3288; x_wconf 83' lang='grc'>14</span> 
     </span>
     <span class='ocr_line' id='line_1_41' title="bbox 186 3289 1333 3362; baseline 0.001 -18"><span class='ocrx_word' id='word_1_366' title='bbox 186 3289 231 3346; x_wconf 88' lang='lat' dir='ltr'><em>ed.</em></span> <span class='ocrx_word' id='word_1_367' title='bbox 242 3290 325 3344; x_wconf 89' lang='lat' dir='ltr'><strong>Thilo</strong></span> <span class='ocrx_word' id='word_1_368' title='bbox 333 3292 402 3345; x_wconf 93' lang='lat' dir='ltr'><em>dum</em></span> <span class='ocrx_word' id='word_1_369' title='bbox 415 3295 610 3361; x_wconf 78' lang='lat' dir='ltr'><em>contempnens</em></span> <span class='ocrx_word' id='word_1_370' title='bbox 618 3293 750 3346; x_wconf 83' lang='lat' dir='ltr'><em>Liberum</em></span> <span class='ocrx_word' id='word_1_371' title='bbox 763 3295 823 3347; x_wconf 86' lang='lat' dir='ltr'><em>eius</em></span> <span class='ocrx_word' id='word_1_372' title='bbox 835 3297 967 3362; x_wconf 73' lang='lat' dir='ltr'><em>amputet</em></span> <span class='ocrx_word' id='word_1_373' title='bbox 978 3294 1058 3360; x_wconf 90' lang='lat' dir='ltr'><em>uites,</em></span> <span class='ocrx_word' id='word_1_374' title='bbox 1068 3310 1153 3347; x_wconf 87' lang='lat' dir='ltr'><em>crura</em></span> <span class='ocrx_word' id='word_1_375' title='bbox 1163 3309 1216 3344; x_wconf 88' lang='lat' dir='ltr'><em>sua</em></span> <span class='ocrx_word' id='word_1_376' title='bbox 1224 3294 1333 3361; x_wconf 80' lang='lat' dir='ltr'><em>incimt,</em></span> 
     </span>
     <span class='ocr_line' id='line_1_42' title="bbox 185 3361 1332 3440; baseline 0.001 -26"><span class='ocrx_word' id='word_1_377' title='bbox 185 3376 307 3440; x_wconf 75' lang='lat' dir='ltr'><em>quocum</em></span> <span class='ocrx_word' id='word_1_378' title='bbox 319 3361 425 3415; x_wconf 85' lang='lat' dir='ltr'><em>iaciunt</em></span> <span class='ocrx_word' id='word_1_379' title='bbox 444 3363 539 3416; x_wconf 83' lang='lat' dir='ltr'><em>Acron</em></span> <span class='ocrx_word' id='word_1_380' title='bbox 556 3372 584 3417; x_wconf 90' lang='lat' dir='ltr'><em>et</em></span> <span class='ocrx_word' id='word_1_381' title='bbox 603 3363 778 3432; x_wconf 87' lang='lat' dir='ltr'><em>Porphyrion</em></span> <span class='ocrx_word' id='word_1_382' title='bbox 791 3364 828 3417; x_wconf 86' lang='lat' dir='ltr'><em>ad</em></span> <span class='ocrx_word' id='word_1_383' title='bbox 843 3366 911 3418; x_wconf 91' lang='lat' dir='ltr'><em>Hor.</em></span> <span class='ocrx_word' id='word_1_384' title='bbox 928 3367 958 3418; x_wconf 86' lang='lat' dir='ltr'><em>C.</em></span> <span class='ocrx_word' id='word_1_385' title='bbox 972 3363 998 3417; x_wconf 93' lang='lat' dir='ltr'><em>ii.</em></span> <span class='ocrx_word' id='word_1_386' title='bbox 1016 3378 1055 3432; x_wconf 90' lang='lat'><em>19.</em></span> <span class='ocrx_word' id='word_1_387' title='bbox 1073 3378 1111 3429; x_wconf 86' lang='lat'><em>14.</em></span> <span class='ocrx_word' id='word_1_388' title='bbox 1150 3363 1187 3415; x_wconf 92' lang='lat' dir='ltr'><em>Et</em></span> <span class='ocrx_word' id='word_1_389' title='bbox 1202 3363 1332 3416; x_wconf 90' lang='lat' dir='ltr'><em>Lucanus</em></span> 
     </span>
     <span class='ocr_line' id='line_1_43' title="bbox 185 3429 1332 3498; baseline 0.003 -15"><span class='ocrx_word' id='word_1_390' title='bbox 185 3429 223 3485; x_wconf 91' lang='lat' dir='ltr'><em>iu.</em></span> <span class='ocrx_word' id='word_1_391' title='bbox 244 3445 294 3498; x_wconf 87' lang='lat'><em>431</em></span> <span class='ocrx_word' id='word_1_392' title='bbox 317 3433 354 3485; x_wconf 89' lang='lat' dir='ltr'><em>In</em></span> <span class='ocrx_word' id='word_1_393' title='bbox 375 3448 428 3485; x_wconf 87' lang='lat' dir='ltr'><em>sua</em></span> <span class='ocrx_word' id='word_1_394' title='bbox 448 3433 594 3486; x_wconf 86' lang='lat' dir='ltr'><em>credebant</em></span> <span class='ocrx_word' id='word_1_395' title='bbox 611 3435 755 3488; x_wconf 83' lang='lat' dir='ltr'><em>redituras</em></span> <span class='ocrx_word' id='word_1_396' title='bbox 775 3435 898 3487; x_wconf 87' lang='lat' dir='ltr'><em>membra</em></span> <span class='ocrx_word' id='word_1_397' title='bbox 921 3451 1027 3488; x_wconf 87' lang='lat' dir='ltr'><em>secures</em></span> <span class='ocrx_word' id='word_1_398' title='bbox 1047 3435 1121 3487; x_wconf 92' lang='lat' dir='ltr'><em>hanc</em></span> <span class='ocrx_word' id='word_1_399' title='bbox 1142 3432 1332 3487; x_wconf 86' lang='lat' dir='ltr'><em>narrationem</em></span> 
     </span>
     <span class='ocr_line' id='line_1_44' title="bbox 184 3501 1332 3575; baseline 0.002 -21"><span class='ocrx_word' id='word_1_400' title='bbox 184 3501 306 3570; x_wconf 89' lang='lat' dir='ltr'><em>respexit</em></span> <span class='ocrx_word' id='word_1_401' title='bbox 328 3512 358 3556; x_wconf 94' lang='lat' dir='ltr'><em>ut</em></span> <span class='ocrx_word' id='word_1_402' title='bbox 380 3502 489 3557; x_wconf 91' lang='lat' dir='ltr'><em>monuit</em></span> <span class='ocrx_word' id='word_1_403' title='bbox 511 3503 605 3558; x_wconf 91' lang='lat' dir='ltr'><em>Schol.</em></span> <span class='ocrx_word' id='word_1_404' title='bbox 625 3503 743 3559; x_wconf 90' lang='lat' dir='ltr'><em>Vseneri</em></span> <span class='ocrx_word' id='word_1_405' title='bbox 765 3504 793 3558; x_wconf 93' lang='lat' dir='ltr'><em>in</em></span> <span class='ocrx_word' id='word_1_406' title='bbox 813 3505 864 3559; x_wconf 91' lang='lat' dir='ltr'><em>loc.</em></span> <span class='ocrx_word' id='word_1_407' title='bbox 885 3506 1008 3575; x_wconf 81' lang='lat' dir='ltr'><em>Licurgi</em></span> <span class='ocrx_word' id='word_1_408' title='bbox 1027 3505 1155 3558; x_wconf 78' lang='lat' dir='ltr'><em>uidelicet</em></span> <span class='ocrx_word' id='word_1_409' title='bbox 1175 3505 1332 3572; x_wconf 76' lang='lat' dir='ltr'><em>exemplum</em></span> 
     </span>
     <span class='ocr_line' id='line_1_45' title="bbox 183 3572 708 3642; baseline 0.006 -18"><span class='ocrx_word' id='word_1_410' title='bbox 183 3572 311 3625; x_wconf 89' lang='lat' dir='ltr'><em>timentes</em></span> <span class='ocrx_word' id='word_1_411' title='bbox 323 3589 395 3641; x_wconf 83' lang='lat' dir='ltr'><em>quae</em></span> <span class='ocrx_word' id='word_1_412' title='bbox 402 3576 506 3642; x_wconf 80' lang='lat' dir='ltr'><em>passus</em></span> <span class='ocrx_word' id='word_1_413' title='bbox 517 3579 559 3626; x_wconf 89' lang='lat' dir='ltr'><em>est</em></span> <span class='ocrx_word' id='word_1_414' title='bbox 570 3591 588 3626; x_wconf 87' lang='grc' dir='ltr'>α</span> <span class='ocrx_word' id='word_1_415' title='bbox 600 3575 708 3628; x_wconf 87' lang='lat' dir='ltr'><em>Libero.</em></span> 
     </span>
    </p>

    <p class='ocr_par' dir='ltr' id='par_1_16' title="bbox 182 3642 1331 4065">
     <span class='ocr_line' id='line_1_46' title="bbox 220 3642 1331 3714; baseline 0.003 -19"><span class='ocrx_word' id='word_1_416' title='bbox 220 3643 265 3695; x_wconf 91' lang='lat' dir='ltr'><em>Ex</em></span> <span class='ocrx_word' id='word_1_417' title='bbox 282 3642 327 3696; x_wconf 94' lang='lat' dir='ltr'><em>his</em></span> <span class='ocrx_word' id='word_1_418' title='bbox 349 3643 417 3696; x_wconf 92' lang='lat' dir='ltr'><em>satis</em></span> <span class='ocrx_word' id='word_1_419' title='bbox 437 3643 510 3697; x_wconf 91' lang='lat' dir='ltr'><em>bene</em></span> <span class='ocrx_word' id='word_1_420' title='bbox 529 3661 627 3698; x_wconf 89' lang='lat' dir='ltr'><em>uersus</em></span> <span class='ocrx_word' id='word_1_421' title='bbox 647 3643 736 3698; x_wconf 91' lang='lat' dir='ltr'><em>lbidis</em></span> <span class='ocrx_word' id='word_1_422' title='bbox 756 3644 918 3714; x_wconf 85' lang='lat' dir='ltr'><em>explicabis,</em></span> <span class='ocrx_word' id='word_1_423' title='bbox 937 3644 960 3698; x_wconf 90' lang='lat' dir='ltr'><em>si</em></span> <span class='ocrx_word' id='word_1_424' title='bbox 979 3644 1068 3713; x_wconf 88' lang='lat' dir='ltr'><em>finges</em></span> <span class='ocrx_word' id='word_1_425' title='bbox 1088 3645 1247 3714; x_wconf 88' lang='lat' dir='ltr'><em>Lycurgum</em></span> <span class='ocrx_word' id='word_1_426' title='bbox 1266 3661 1331 3698; x_wconf 89' lang='lat' dir='ltr'><em>cum</em></span> 
     </span>
     <span class='ocr_line' id='line_1_47' title="bbox 185 3710 1331 3784; baseline 0.004 -20"><span class='ocrx_word' id='word_1_427' title='bbox 185 3710 272 3765; x_wconf 87' lang='lat' dir='ltr'><em>filium</em></span> <span class='ocrx_word' id='word_1_428' title='bbox 294 3729 375 3766; x_wconf 93' lang='lat' dir='ltr'><em>suum</em></span> <span class='ocrx_word' id='word_1_429' title='bbox 397 3711 542 3783; x_wconf 86' lang='lat' dir='ltr'><em>tamquam</em></span> <span class='ocrx_word' id='word_1_430' title='bbox 563 3714 650 3768; x_wconf 89' lang='lat' dir='ltr'><em>uitem</em></span> <span class='ocrx_word' id='word_1_431' title='bbox 672 3715 763 3768; x_wconf 91' lang='lat' dir='ltr'><em>securi</em></span> <span class='ocrx_word' id='word_1_432' title='bbox 784 3725 923 3781; x_wconf 85' lang='lat' dir='ltr'><em>necasset,</em></span> <span class='ocrx_word' id='word_1_433' title='bbox 943 3715 1018 3769; x_wconf 92' lang='lat' dir='ltr'><em>idem</em></span> <span class='ocrx_word' id='word_1_434' title='bbox 1036 3715 1123 3769; x_wconf 89' lang='lat' dir='ltr'><em>telum</em></span> <span class='ocrx_word' id='word_1_435' title='bbox 1143 3715 1221 3783; x_wconf 89' lang='lat' dir='ltr'>(Luc.</span> <span class='ocrx_word' id='word_1_436' title='bbox 1242 3714 1258 3769; x_wconf 93' lang='lat' dir='ltr'><em>i.</em></span> <span class='ocrx_word' id='word_1_437' title='bbox 1280 3717 1331 3784; x_wconf 83' lang='lat'><em>576</em></span> 
     </span>
     <span class='ocr_line' id='line_1_48' title="bbox 182 3785 1330 3855; baseline 0.004 -20"><span class='ocrx_word' id='word_1_438' title='bbox 182 3785 265 3836; x_wconf 85' lang='lat' dir='ltr'><em>saeui</em></span> <span class='ocrx_word' id='word_1_439' title='bbox 281 3785 415 3836; x_wconf 85' lang='lat' dir='ltr'><em>contorsit</em></span> <span class='ocrx_word' id='word_1_440' title='bbox 434 3785 500 3838; x_wconf 89' lang='lat' dir='ltr'><em>tela</em></span> <span class='ocrx_word' id='word_1_441' title='bbox 519 3785 659 3855; x_wconf 85' lang='lat' dir='ltr'><em>Lycurgi)</em></span> <span class='ocrx_word' id='word_1_442' title='bbox 679 3785 707 3838; x_wconf 92' lang='lat' dir='ltr'><em>in</em></span> <span class='ocrx_word' id='word_1_443' title='bbox 726 3802 757 3839; x_wconf 90' lang='lat' dir='ltr'><em>se</em></span> <span class='ocrx_word' id='word_1_444' title='bbox 776 3785 968 3840; x_wconf 88' lang='lat' dir='ltr'><em>conuertisse:</em></span> <span class='ocrx_word' id='word_1_445' title='bbox 993 3802 1060 3839; x_wconf 90' lang='lat' dir='ltr'><em>nam</em></span> <span class='ocrx_word' id='word_1_446' title='bbox 1080 3787 1134 3840; x_wconf 91' lang='lat' dir='ltr'><em>hac</em></span> <span class='ocrx_word' id='word_1_447' title='bbox 1153 3785 1212 3840; x_wconf 92' lang='lat' dir='ltr'><em>siue</em></span> <span class='ocrx_word' id='word_1_448' title='bbox 1231 3797 1330 3854; x_wconf 92' lang='lat' dir='ltr'><em>morte,</em></span> 
     </span>
     <span class='ocr_line' id='line_1_49' title="bbox 183 3851 1329 3924; baseline 0.005 -19"><span class='ocrx_word' id='word_1_449' title='bbox 183 3851 243 3906; x_wconf 91' lang='lat' dir='ltr'><em>siue</em></span> <span class='ocrx_word' id='word_1_450' title='bbox 265 3853 455 3907; x_wconf 90' lang='lat' dir='ltr'><em>membrorum</em></span> <span class='ocrx_word' id='word_1_451' title='bbox 480 3855 680 3923; x_wconf 90' lang='lat' dir='ltr'><em>amputatione,</em></span> <span class='ocrx_word' id='word_1_452' title='bbox 706 3855 754 3909; x_wconf 90' lang='lat' dir='ltr'><em>filii</em></span> <span class='ocrx_word' id='word_1_453' title='bbox 779 3856 867 3924; x_wconf 90' lang='lat' dir='ltr'><em>patris</em></span> <span class='ocrx_word' id='word_1_454' title='bbox 891 3855 920 3910; x_wconf 90' lang='lat' dir='ltr'><em>in</em></span> <span class='ocrx_word' id='word_1_455' title='bbox 945 3874 976 3911; x_wconf 88' lang='lat' dir='ltr'><em>se</em></span> <span class='ocrx_word' id='word_1_456' title='bbox 1000 3856 1122 3911; x_wconf 80' lang='lat' dir='ltr'><em>furorem</em></span> <span class='ocrx_word' id='word_1_457' title='bbox 1146 3858 1329 3911; x_wconf 73' lang='lat' dir='ltr'><em>ulciscuntur.</em></span> 
     </span>
     <span class='ocr_line' id='line_1_50' title="bbox 184 3923 1330 3996; baseline 0.005 -21"><span class='ocrx_word' id='word_1_458' title='bbox 184 3923 267 3991; x_wconf 82' lang='lat' dir='ltr'><em>Quod</em></span> <span class='ocrx_word' id='word_1_459' title='bbox 284 3923 353 3978; x_wconf 87' lang='lat' dir='ltr'><em>dixit</em></span> <span class='ocrx_word' id='word_1_460' title='bbox 369 3925 471 3978; x_wconf 92' lang='lat' dir='ltr'><em>telum</em></span> <span class='ocrx_word' id='word_1_461' title='bbox 486 3941 607 3978; x_wconf 91' lang='lat' dir='ltr'><em>nouum</em></span> <span class='ocrx_word' id='word_1_462' title='bbox 625 3924 715 3995; x_wconf 90' lang='lat' dir='ltr'><em>potuit</em></span> <span class='ocrx_word' id='word_1_463' title='bbox 734 3926 896 3994; x_wconf 87' lang='lat' dir='ltr'><em>ambiguam</em></span> <span class='ocrx_word' id='word_1_464' title='bbox 915 3944 1015 3981; x_wconf 92' lang='lat' dir='ltr'><em>uocem</em></span> <span class='ocrx_word' id='word_1_465' title='bbox 1033 3929 1165 3996; x_wconf 78' lang='grc' dir='ltr'>βουπλῆγι</span> <span class='ocrx_word' id='word_1_466' title='bbox 1182 3926 1330 3996; x_wconf 84' lang='lat' dir='ltr'><em>respicere,</em></span> 
     </span>
     <span class='ocr_line' id='line_1_51' title="bbox 183 3993 964 4065; baseline 0.008 -19"><span class='ocrx_word' id='word_1_467' title='bbox 183 4009 268 4061; x_wconf 90' lang='lat' dir='ltr'><em>quam</em></span> <span class='ocrx_word' id='word_1_468' title='bbox 281 3993 328 4047; x_wconf 89' lang='lat' dir='ltr'><em>alii</em></span> <span class='ocrx_word' id='word_1_469' title='bbox 341 3993 493 4063; x_wconf 90' lang='lat' dir='ltr'><em>stimulum,</em></span> <span class='ocrx_word' id='word_1_470' title='bbox 507 3994 554 4048; x_wconf 92' lang='lat' dir='ltr'><em>alii</em></span> <span class='ocrx_word' id='word_1_471' title='bbox 567 3995 688 4049; x_wconf 89' lang='lat' dir='ltr'><em>securim</em></span> <span class='ocrx_word' id='word_1_472' title='bbox 701 3995 964 4065; x_wconf 87' lang='lat' dir='ltr'><em>interpretabantur.</em></span> 
     </span>
    </p>

    <p class='ocr_par' dir='ltr' id='par_1_17' title="bbox 181 4065 1328 4417">
     <span class='ocr_line' id='line_1_52' title="bbox 217 4065 1328 4136; baseline 0.003 -19"><span class='ocrx_word' id='word_1_473' title='bbox 217 4065 380 4118; x_wconf 87' lang='lat' dir='ltr'><em>Penteliden</em></span> <span class='ocrx_word' id='word_1_474' title='bbox 404 4065 471 4134; x_wconf 94' lang='lat' dir='ltr'><em>quid</em></span> <span class='ocrx_word' id='word_1_475' title='bbox 504 4065 547 4132; x_wconf 92' lang='lat' dir='ltr'><em>sit,</em></span> <span class='ocrx_word' id='word_1_476' title='bbox 584 4067 696 4121; x_wconf 89' lang='lat' dir='ltr'><em>haereo.</em></span> <span class='ocrx_word' id='word_1_477' title='bbox 755 4069 887 4121; x_wconf 88' lang='lat' dir='ltr'><em>Putaram</em></span> <span class='ocrx_word' id='word_1_478' title='bbox 919 4086 953 4121; x_wconf 90' lang='lat' dir='ltr'><em>ex</em></span> <span class='ocrx_word' id='word_1_479' title='bbox 982 4066 1156 4122; x_wconf 77' lang='lat' dir='ltr'><em>tieroleten*</em></span> <span class='ocrx_word' id='word_1_480' title='bbox 1188 4067 1328 4136; x_wconf 90' lang='lat' dir='ltr'><em>corrumpi</em></span> 
     </span>
     <span class='ocr_line' id='line_1_53' title="bbox 181 4133 1328 4206; baseline 0.002 -19"><span class='ocrx_word' id='word_1_481' title='bbox 181 4133 315 4205; x_wconf 91' lang='lat' dir='ltr'><em>potuisse,</em></span> <span class='ocrx_word' id='word_1_482' title='bbox 337 4144 483 4205; x_wconf 85' lang='lat' dir='ltr'><em>tamquam</em></span> <span class='ocrx_word' id='word_1_483' title='bbox 509 4136 652 4204; x_wconf 87' lang='lat' dir='ltr'><em>Lycurgus</em></span> <span class='ocrx_word' id='word_1_484' title='bbox 678 4138 822 4191; x_wconf 91' lang='lat' dir='ltr'><em>Bacchum</em></span> <span class='ocrx_word' id='word_1_485' title='bbox 848 4138 899 4191; x_wconf 94' lang='lat' dir='ltr'><em>sub</em></span> <span class='ocrx_word' id='word_1_486' title='bbox 922 4139 997 4192; x_wconf 86' lang='lat' dir='ltr'><em>ferae</em></span> <span class='ocrx_word' id='word_1_487' title='bbox 1022 4139 1116 4206; x_wconf 89' lang='lat' dir='ltr'><em>specie</em></span> <span class='ocrx_word' id='word_1_488' title='bbox 1141 4138 1212 4192; x_wconf 87' lang='lat' dir='ltr'><em>tauri</em></span> <span class='ocrx_word' id='word_1_489' title='bbox 1238 4137 1328 4190; x_wconf 93' lang='lat' dir='ltr'><em>leonis</em></span> 
     </span>
     <span class='ocr_line' id='line_1_54' title="bbox 181 4204 1327 4277; baseline 0 -19"><span class='ocrx_word' id='word_1_490' title='bbox 181 4204 261 4275; x_wconf 89' lang='lat' dir='ltr'><em>pardi</em></span> <span class='ocrx_word' id='word_1_491' title='bbox 291 4206 445 4273; x_wconf 85' lang='lat' dir='ltr'><em>pantherae</em></span> <span class='ocrx_word' id='word_1_492' title='bbox 472 4205 549 4272; x_wconf 86' lang='lat' dir='ltr'><em>(Ant.</em></span> <span class='ocrx_word' id='word_1_493' title='bbox 576 4207 636 4260; x_wconf 91' lang='lat' dir='ltr'><em>Lib.</em></span> <span class='ocrx_word' id='word_1_494' title='bbox 661 4206 689 4275; x_wconf 90' lang='lat' dir='ltr'><em>x)</em></span> <span class='ocrx_word' id='word_1_495' title='bbox 715 4208 866 4277; x_wconf 87' lang='lat' dir='ltr'><em>adgressus</em></span> <span class='ocrx_word' id='word_1_496' title='bbox 890 4208 980 4262; x_wconf 84' lang='lat' dir='ltr'><em>fuerit.</em></span> <span class='ocrx_word' id='word_1_497' title='bbox 1031 4211 1116 4261; x_wconf 94' lang='lat' dir='ltr'><em>Nunc</em></span> <span class='ocrx_word' id='word_1_498' title='bbox 1144 4207 1258 4276; x_wconf 92' lang='lat' dir='ltr'><em>propius</em></span> <span class='ocrx_word' id='word_1_499' title='bbox 1290 4207 1327 4259; x_wconf 93' lang='lat' dir='ltr'><em>ad</em></span> 
     </span>
     <span class='ocr_line' id='line_1_55' title="bbox 181 4276 1327 4345; baseline -0.001 -16"><span class='ocrx_word' id='word_1_500' title='bbox 181 4292 279 4329; x_wconf 91' lang='lat' dir='ltr'><em>uerum</em></span> <span class='ocrx_word' id='word_1_501' title='bbox 291 4285 359 4345; x_wconf 92' lang='lat' dir='ltr'><em>puto</em></span> <span class='ocrx_word' id='word_1_502' title='bbox 372 4276 508 4330; x_wconf 88' lang='lat' dir='ltr'><em>accedere</em></span> <span class='ocrx_word' id='word_1_503' title='bbox 517 4277 689 4330; x_wconf 79' lang='lat' dir='ltr'><em>Penteliden</em></span> <span class='ocrx_word' id='word_1_504' title='bbox 702 4279 748 4331; x_wconf 91' lang='lat' dir='ltr'><em>uel</em></span> <span class='ocrx_word' id='word_1_505' title='bbox 760 4280 925 4332; x_wconf 77' lang='lat' dir='ltr'><em>Pactoliden</em></span> <span class='ocrx_word' id='word_1_506' title='bbox 939 4296 973 4333; x_wconf 91' lang='lat' dir='ltr'><em>ex</em></span> <span class='ocrx_word' id='word_1_507' title='bbox 987 4279 1056 4332; x_wconf 90' lang='lat' dir='ltr'><em>Ptol.</em></span> <span class='ocrx_word' id='word_1_508' title='bbox 1071 4278 1107 4331; x_wconf 91' lang='lat' dir='ltr'><em>iii.</em></span> <span class='ocrx_word' id='word_1_509' title='bbox 1123 4294 1162 4344; x_wconf 90' lang='lat'><em>11,</em></span> <span class='ocrx_word' id='word_1_510' title='bbox 1176 4293 1214 4344; x_wconf 88' lang='grc'><em>12,</em></span> <span class='ocrx_word' id='word_1_511' title='bbox 1229 4277 1327 4345; x_wconf 90' lang='lat' dir='ltr'><em>Steph.</em></span> 
     </span>
     <span class='ocr_line' id='line_1_56' title="bbox 181 4345 1327 4417; baseline 0 -18"><span class='ocrx_word' id='word_1_512' title='bbox 181 4347 247 4415; x_wconf 89' lang='lat' dir='ltr'><em>Byz.</em></span> <span class='ocrx_word' id='word_1_513' title='bbox 271 4346 401 4399; x_wconf 86' lang='grc' dir='ltr'>Παιταλία</span> <span class='ocrx_word' id='word_1_514' title='bbox 423 4349 501 4416; x_wconf 81' lang='grc' dir='ltr'>μοῖρα</span> <span class='ocrx_word' id='word_1_515' title='bbox 526 4345 632 4416; x_wconf 76' lang='grc' dir='ltr'>θρᾴκής.</span> <span class='ocrx_word' id='word_1_516' title='bbox 675 4350 705 4401; x_wconf 85' lang='grc' dir='ltr'>τὸ</span> <span class='ocrx_word' id='word_1_517' title='bbox 734 4348 833 4402; x_wconf 79' lang='grc' dir='ltr'>ἐθνικὸν</span> <span class='ocrx_word' id='word_1_518' title='bbox 856 4352 1041 4415; x_wconf 83' lang='grc' dir='ltr'>Παιταλιώτης.</span> <span class='ocrx_word' id='word_1_519' title='bbox 1087 4348 1171 4417; x_wconf 85' lang='lat' dir='ltr'><em>Quod</em></span> <span class='ocrx_word' id='word_1_520' title='bbox 1198 4347 1221 4400; x_wconf 93' lang='lat' dir='ltr'><em>si</em></span> <span class='ocrx_word' id='word_1_521' title='bbox 1252 4356 1327 4400; x_wconf 82' lang='lat' dir='ltr'><em>recte</em></span> 
     </span>
    </p>
   </div>
   <div class='ocr_carea' id='block_1_5' title="bbox 311 4483 1256 4561">
    <p class='ocr_par' dir='ltr' id='par_1_18' title="bbox 311 4483 1256 4561">
     <span class='ocr_line' id='line_1_57' title="bbox 311 4483 1256 4561; baseline 0 -29"><span class='ocrx_word' id='word_1_522' title='bbox 311 4487 326 4520; x_wconf 88' lang='grc'>*</span> <span class='ocrx_word' id='word_1_523' title='bbox 343 4484 444 4546; x_wconf 86' lang='lat' dir='ltr'><em>Hesych.</em></span> <span class='ocrx_word' id='word_1_524' title='bbox 456 4483 593 4546; x_wconf 82' lang='grc' dir='ltr'>θηρολέτής·</span> <span class='ocrx_word' id='word_1_525' title='bbox 611 4483 720 4548; x_wconf 81' lang='grc' dir='ltr'>κυνηγός.</span> <span class='ocrx_word' id='word_1_526' title='bbox 749 4486 852 4548; x_wconf 84' lang='lat' dir='ltr'><em>Fulgent.</em></span> <span class='ocrx_word' id='word_1_527' title='bbox 865 4486 943 4547; x_wconf 89' lang='lat' dir='ltr'><em>Myth.</em></span> <span class='ocrx_word' id='word_1_528' title='bbox 956 4487 987 4534; x_wconf 91' lang='lat' dir='ltr'><em>iii.</em></span> <span class='ocrx_word' id='word_1_529' title='bbox 1001 4500 1013 4534; x_wconf 81' lang='grc'>2</span> <span class='ocrx_word' id='word_1_530' title='bbox 1026 4484 1197 4535; x_wconf 81' lang='lat' dir='ltr'><em>contheroietos.</em></span> <span class='ocrx_word' id='word_1_531' title='bbox 1252 4557 1256 4561; x_wconf 30' lang='lat'><em>-</em></span> 
     </span>
    </p>
   </div>
   <div class='ocr_carea' id='block_1_6' title="bbox 0 0 1524 5010">
    <p class='ocr_par' dir='ltr' id='par_1_19' title="bbox 0 0 1524 5010">
     <span class='ocr_line' id='line_1_58' title="bbox 0 0 1524 5010; baseline 0 5"><span class='ocrx_word' id='word_1_532' title='bbox 0 0 1524 5010; x_wconf 95' lang='lat' dir='ltr'><em> </em></span> 
     </span>
    </p>
   </div>
  </div>
 </body>
</html>
