3038 5010
690 383 915 444 EXCVRSVS.
1283 389 1339 445 181

191 538 215 591 εί
226 537 301 605 ξένον
318 539 503 595 ἀποκτενοῦσιν
518 540 614 595 άθλίως
633 537 699 594 οὕτω
716 541 871 607 πράττοντα,
893 541 934 593 καὶ
952 541 1003 611 γὰρ
1023 537 1115 594 ἱκέτευε
1134 540 1281 595 καὶπολλὰ
1299 541 1342 596 ε’πὶ

191 607 256 680 ε’λέῳ
268 611 366 681 ἔλεγεν,
378 609 486 664 ε’νέκειτο
504 612 738 681 παρακελευόμενος
755 613 809 665 τοῖς
824 610 959 680 Ἐφεσίοις
975 610 1082 678 ε’ρείδειν
1097 632 1125 664 τε
1138 612 1178 664 καῖ
1190 610 1224 679 μὴ
1236 610 1341 674 ἀνιέναι,

191 679 226 734 ῶς
244 680 273 733 δέ
290 680 477 753 ἀκροβολισμῷ
494 703 561 736 τινες
577 679 616 734 ἐπ’
629 680 697 750 αύτῷ
715 679 869 750 ε’χρήσαντο,
888 683 929 735 καὶ
947 679 1082 748 καταμύειν
1100 681 1181 734 δοκῶν
1195 679 1343 750 ἀνέβλεψεν

192 748 294 819 ἀθρόον,
315 753 396 821 πυρός
419 773 447 806 τε
471 751 582 814 μεστούς
605 752 665 806 τοὺς
688 751 841 821 ὀφθαλμοὺς
865 751 955 818 ἔδειξε,
977 752 1085 820 ξυνηκαν
1107 752 1131 804 oi
1151 750 1271 823 Ἐφέσιοι
1295 757 1342 807 τοῦ

191 820 312 888 δαίμονος
323 822 364 875 καὶ
376 819 551 876 κατελίθωσαν
563 819 642 877 οὕτως
654 822 739 887 αὐτόν,
752 821 786 875 ὡς
801 823 914 874 κολωνὸν
932 822 1012 875 λίθων
1027 821 1086 890 περὶ
1102 822 1178 876 αὐτόν
1194 823 1342 891 χῶσασθαι.

193 890 318 945 διαλιπὼν
335 892 364 946 δὲ
382 892 473 962 ἀλίγον
490 891 627 946 ἐκέλευσεν
644 891 754 961 ἀφελεῖν
771 891 831 945 τοὺς
848 893 939 947 λίθους
956 893 1041 946 καὶτὸ
1059 892 1147 963 θηρίον
1159 892 1173 945 δ
1185 892 1341 948 ἀπεκτόνασι

191 965 293 1030 γνῶναι.
342 962 499 1029 υμνωθέντος
516 961 561 1017 ούν
578 967 625 1016 τοῦ
645 961 795 1029 βεβλῆσθαι
816 963 952 1018 δοκοῦντος
970 965 984 1014 ὁ
1002 966 1049 1031 μὲν
1067 960 1206 1032 ἠφάνιστο,
1228 962 1294 1017 κύων
1313 964 1342 1017 δέ

192 1031 222 1083 τὸ
243 1031 290 1100 μέν
309 984 376 1089 εῖδος
396 1032 485 1101 ὅμοιος
504 1033 541 1104 τῷ
559 1033 588 1086 ε’κ
607 1035 757 1098 Μολοττῶν,
776 1031 883 1103 μέγεθος
904 1033 932 1087 δέ
952 1033 1015 1085 κατὰ
1036 1034 1081 1086 τὸν
1104 1033 1229 1103 μέγιστον
1247 1034 1342 1089 λεόντα

192 1101 402 1172 ξυντετριμμένος
414 1101 489 1173 ὤφθη
501 1103 551 1156 ὑπό
563 1109 613 1157 τῶν
625 1104 706 1156 λίθων
718 1103 758 1155 καῖ
770 1101 927 1172 παραπτύων
938 1103 1031 1173 ἀφρόν,
1044 1104 1133 1170 ῶσπερ
1149 1105 1174 1156 οῖ
1191 1108 1343 1160 λυττῶντες.

193 1173 314 1242 Nempe,
333 1183 363 1227 ut
384 1173 444 1243 ipse
462 1190 514 1243 pro
532 1191 563 1227 se
581 1175 700 1243 loquens
719 1172 787 1227 dicit
806 1188 859 1241 340
875 1175 910 1226 Τὸ
929 1177 975 1227 τοῦ
993 1176 1087 1241 λοιμοῦ
1104 1169 1179 1236 εἶδος,
1197 1175 1293 1246 πτωχῷ
1311 1176 1341 1228 δὲ

191 1242 294 1312 γέροντι
307 1241 421 1305 εἴκαστο,
435 1245 484 1297 καὶ
496 1240 580 1297 εῖδον
592 1244 639 1296 καὶ
651 1243 723 1297 ῖδὼν
735 1241 818 1296 εἶλον
831 1244 861 1296 ού
872 1242 975 1298 παύσας
986 1246 1065 1296 νόσον
1077 1243 1138 1296 ἀλλ’
1151 1245 1257 1310 ἐξελών.

227 1314 273 1367 An
291 1314 443 1383 legendum
462 1324 505 1368 est
523 1313 663 1381 Abdira,
682 1330 766 1384 quem
785 1315 878 1367 locum
898 1314 1076 1368 Ptolemaeus
1097 1315 1184 1382 Geog.
1205 1313 1239 1369 iv.
1261 1330 1283 1383 3.
1305 1330 1340 1383 34

191 1399 249 1436 non
270 1385 354 1452 longe
375 1384 546 1453 Carthagine
564 1383 682 1438 statuit?
718 1386 796 1439 Nam
813 1384 836 1439 si
860 1384 919 1438 Ibis
940 1384 994 1452 ille,
1011 1383 1137 1455 quisquis
1157 1384 1217 1453 fuit,
1237 1384 1265 1438 in
1284 1387 1340 1440 hoc

191 1453 254 1506 loco
272 1464 356 1509 natus
374 1464 426 1523 est,
439 1463 550 1524 poterat
564 1454 683 1509 Ouidius
702 1454 731 1508 id
751 1453 792 1509 sic
810 1471 1033 1508 commemorare
1050 1465 1081 1508 ut
1094 1455 1208 1522 diceret,
1221 1455 1339 1510 Vtinam

191 1522 242 1576 tibi
255 1523 331 1578 diras
350 1525 510 1594 inprecetur
522 1526 656 1595 oppidum
669 1526 750 1579 ι’ςιιιιί
763 1526 795 1578 in
811 1542 867 1595 quo
884 1526 977 1580 edz'tus
992 1543 1041 1590 es‚·
1060 1525 1136 1594 quod
1153 1543 1218 1579 cum
1230 1526 1341 1580 Abdira

191 1604 347 1663 uocaretur,
360 1613 428 1650 uera
440 1595 563 1650 nominis
576 1595 744 1664 significatio
756 1595 870 1650 latitura
883 1604 951 1664 erat,
965 1613 1029 1649 cum
1046 1595 1177 1650 omnibus
1190 1595 1238 1650 illa
1250 1597 1339 1652 altera

190 1664 306 1719 Abdera
323 1665 418 1719 animo
437 1666 644 1721 obuersaretur.
680 1668 764 1722 Certe
779 1683 837 1720 non
851 1665 1029 1721 disconuenit
1042 1665 1071 1719 id
1084 1667 1160 1735 quod
1173 1665 1201 1720 in
1217 1669 1237 1720 P
1251 1667 1339 1737 scrip-

190 1743 251 1787 tum
272 1745 325 1803 est,
347 1735 505 1790 Abdrida.
541 1737 626 1791 Afros
649 1747 752 1806 autern,
773 1736 930 1806 Aegyptios
952 1738 1053 1790 saltem
1077 1736 1186 1805 lapides
1209 1737 1339 1795 conicere

191 1804 289 1859 solitos
303 1805 331 1859 in
344 1807 479 1860 deuotum
492 1805 572 1860 testis
585 1817 628 1861 est
642 1807 786 1861 Diodorus
799 1807 816 1862 i.
830 1821 873 1876 91.
886 1822 903 1873 4
916 1824 961 1876 ap.
976 1806 1044 1861 Lob.
1059 1807 1196 1876 Aglaoph.
1211 1824 1239 1876 p.
1252 1808 1313 1874 676.

225 1875 272 1929 Ad
283 1878 351 1931 415.
372 1876 594 1931 Scholiastarum
609 1878 776 1932 confirmant
792 1877 1002 1947 quodammodo
1017 1877 1233 1947 explicationem
1249 1879 1338 1934 uerba

191 1945 316 2000 Caesarii
334 1945 453 2001 πίστεων
471 1947 500 2001 in
519 1947 593 2001 Bibl.
612 1949 713 2002 Graec.
733 1950 848 2002 Patrum
867 1949 901 2001 T.
919 1949 953 2016 38
972 1964 998 2016 p.
1017 1962 1068 2016 993
1089 1948 1195 2016 Migne‚
1214 1947 1301 2003 citata
1319 1967 1339 2005 a

191 2015 333 2070 Lobeckio
343 2018 482 2103 Aglaoph.
492 2035 520 2087 p.
533 2030 583 2085 574
594 2017 678 2073 Ἰλιεῖς
689 2016 852 2086 τόνἜκτσρα
863 2020 966 2086 μᾶλλον
974 2018 1003 2071 δέ
1013 2015 1066 2070 οὐδ’
1073 2016 1199 2087 ἀλέκτορα
1211 2022 1338 2088 χρηστόν,

189 2085 214 2137 οῖ
232 2086 260 2139 ἐν
274 2085 354 2155 Λεύκῃ
370 2089 415 2141 τόν
430 2108 519 2157 ικαχον
531 2087 666 2157 Ἀχιλλέα,
681 2090 787 2142 Πόντιοι
801 2087 958 2157 (Ὀπούντιοι
976 2087 1101 2156 Lobeck)
1117 2091 1163 2142 τόν
1177 2090 1339 2154 πατραλοίαν

189 2156 350 2225 Πάτροκλον,
361 2156 474 2211 Ῥόδιοι
486 2159 539 2212 τόν
551 2158 720 2227 εῖκημάχον
732 2159 905 2213 Μακεδόνα.
926 2160 1044 2212 Rhodos
1057 2159 1140 2214 sedes
1153 2159 1336 2227 Telchinum3

189 2226 293 2280 bellum
313 2227 493 2283 temerarium
510 2238 592 2297 putes
612 2229 641 2283 id
660 2247 723 2284 esse
742 2229 818 2300 quod
837 2246 902 2283 cum
921 2224 1029 2298 superis
1048 2229 1170 2298 gessisse
1183 2230 1336 2285 Telchinas

188 2296 322 2352 credibile
341 2308 392 2365 est,
412 2315 482 2369 quos
503 2299 617 2353 Seruius
636 2299 674 2354 ad
692 2301 762 2355 Aen.
782 2299 818 2354 iv.
832 2313 882 2367 377
902 2300 939 2354 ab
951 2299 1082 2369 Apolline
1102 2300 1211 2355 occisos
1230 2300 1258 2355 in
1277 2301 1336 2370 lupi

188 2367 294 2436 habitu,
313 2367 360 2422 alii
378 2370 477 2424 Rheae
493 2369 659 2424 aduersatos
678 2386 741 2426 esse
759 2369 926 2425 tradiderint
946 2371 1052 2440 (Schol.
1070 2371 1210 2440 Ap011.R.
1225 2370 1242 2425 i.
1260 2387 1336 2440 1141,

188 2437 300 2491 Ἀνταία.
327 2438 342 2505 ἡ
353 2437 411 2493 Ῥέα
423 2438 488 2493 οὕτω
500 2439 604 2510 λέγεται
617 2440 682 2494 διότι
695 2440 794 2496 ε’ναντία
806 2443 860 2495 τοῖς
871 2444 996 2512 Τελχῖσιν
1007 2439 1117 2512 ἐγένετο,
1136 2442 1171 2497 cf.
1184 2443 1279 2510 Etym.
1294 2445 1338 2499 M.

187 2524 214 2576 p.
231 2523 288 2574 111,
302 2510 369 2563 Lob.
384 2510 524 2579 Aglaoph.
536 2527 561 2579 p.
579 2510 667 2580 1197).
1331 2554 1334 2560 -

224 2579 286 2631 Iam
303 2579 413 2649 siquae
431 2590 526 2649 partes
545 2581 687 2650 Curetum,
701 2581 819 2636 eaedem
836 2592 915 2636 erant
933 2582 1109 2651 Telchinum‚
1123 2592 1152 2636 ut
1166 2583 1235 2637 deos
1248 2583 1335 2637 modo

187 2647 350 2703 educandos
379 2650 554 2720 susciperent
579 2652 665 2705 modo
690 2652 879 2721 amolirentur,
907 2654 983 2706 uelut
1009 2655 1107 2706 Iouem
1133 2655 1335 2723 Bacchumque

186 2718 277 2787 tutati,
300 2721 452 2790 Epaphum
473 2723 530 2775 leto
553 2721 665 2776 dedisse
686 2722 816 2776 dicuntur
837 2721 977 2792 (Apollod.
999 2722 1026 2776 ii.
1051 2739 1071 2776 1.
1094 2721 1130 2789 3),
1152 2740 1209 2777 non
1231 2724 1334 2778 mirum

186 2787 211 2841 si
230 2789 380 2844 Telchines
399 2791 514 2846 alternis
536 2792 644 2846 uicibus
664 2793 762 2847 Rheae
785 2792 873 2846 filium
892 2795 1058 2861 Neptunum
1077 2793 1214 2848 educasse
1235 2794 1335 2862 (Diod.

186 2876 211 2912 v.
228 2858 280 2928 55),
299 2859 385 2914 iidem
405 2878 471 2914 mox
491 2863 589 2917 Rheae
609 2861 961 2932 aduersati'perhibentur.
1000 2864 1117 2917 Curetas
1140 2873 1235 2916 autem
1253 2864 1277 2918 si
1296 2864 1333 2918 ob

186 2928 311 2983 occisum
333 2933 486 3012 Epaphum
509 2933 616 3002 Iupiter
636 2932 755 3003 peremit
778 2933 920 3003 (Apollod.
943 2933 961 2986 l.
976 2932 1022 3000 e),
1042 2932 1194 2987 Telchinas
1218 2944 1334 3004 propter

186 2998 316 3053 iniuriam
335 3003 459 3072 aliquam
476 3002 639 3057 fulminatos
659 3003 714 3057 dici
728 3004 789 3072 quis
809 3002 946 3058 miretur?
982 3005 1020 3058 Et
1042 3013 1101 3057 erat
1120 3002 1193 3056 inter
1213 3005 1332 3058 Curetas

185 3069 395 3141 Telchinasque
411 3072 599 3142 necessitudo,
619 3084 691 3129 teste
709 3074 849 3129 Strabone
866 3087 917 3140 472
931 3091 975 3143 ap.
995 3074 1117 3129 Lobeck.
1136 3074 1199 3142 Agl.
1213 3091 1239 3142 p.
1257 3076 1332 3140 1148.

186 3140 267 3208 Quae
280 3141 303 3194 si
318 3142 491 3196 Lobeckium
504 3154 617 3198 secutus
630 3162 657 3214 p.
674 3158 739 3212 1197
753 3162 819 3199 uere
832 3141 942 3213 colligo,
960 3144 1140 3198 scribendum
1158 3144 1209 3198 erit
1223 3161 1257 3198 ex
1270 3146 1333 3199 TX

184 3210 226 3264 Vt
242 3212 405 3266 Macedon
418 3213 544 3282 rapidis
558 3214 643 3269 ictus
657 3232 728 3268 cum
740 3215 881 3284 coniuge
894 3214 1046 3268 flammis.

219 3282 266 3334 Ad
278 3284 347 3350 499,
361 3285 431 3337 500.
459 3284 544 3338 Diod.
565 3305 590 3340 v.
612 3285 645 3338 62
663 3282 745 3338 Ἐστι
765 3283 787 3338 δ’
807 3286 834 3339 ε’ν
856 3286 987 3356 Καστάβῳ
1005 3287 1051 3352 τῆς
1074 3283 1240 3354 Χεῤῥονίησου
1265 3286 1333 3352 ἱερὸν

183 3349 258 3420 άγιον
275 3349 406 3419 Ἡμιθέας,
425 3352 455 3422 ἧς
471 3355 517 3421 τὴν
534 3352 694 3425 περιπέτειαν
713 3358 757 3408 οὐκ
774 3355 847 3422 ἀξιον
864 3357 1025 3425 παραλιπεῖν.
1062 3356 1157 3408 Πολλὰ
1175 3357 1222 3424 μέν
1234 3352 1278 3409 οὖν
1291 3357 1332 3408 καὶ

182 3422 297 3474 ποικίλοι
309 3425 384 3493 λόγοι
400 3425 459 3512 περὶ
475 3425 552 3492 αύτῆς
565 3425 751 3495 παραδέδονται
766 3427 811 3479 τὸν
828 3424 851 3478 δ’
863 3427 1046 3494 ἐπικρατοῦντα
1058 3425 1099 3478 καὶ
1112 3424 1333 3494 συμφωνούμενον

182 3492 253 3561 παρὰ
270 3495 325 3548 τοῖς
342 3493 476 3580 ε’γχωριοις
494 3495 611 3565 διέξιμεν.
648 3495 787 3565 Σταφύλου
799 3497 849 3567 γάρ
867 3497 908 3549 καὶ
922 3494 1116 3564 Χρυσοθέμιδός
1127 3497 1197 3564 φασι
1208 3496 1331 3566 γενέσθαι

183 3564 252 3630 τρεῖς
268 3561 411 3633 θυγατερος
428 3566 583 3620 Μολπαδίαν
601 3566 642 3619 καὶ
658 3565 731 3619 Ῥοιὼ
750 3566 792 3619 καὶ
809 3565 942 3635 Παρθένον
960 3565 1047 3631 ὄνομα.
1085 3566 1134 3618 Καὶ
1149 3566 1181 3633 τῇ
1195 3569 1242 3634 μὲν
1252 3565 1332 3620 Ῥοιοῖ

182 3633 228 3684 τὸν
238 3630 394 3688 Ἀπόλλωνα
405 3636 511 3705 μιγέντα
529 3638 620 3707 ἔγκυον
637 3638 753 3703 ποιῆσαι·
772 3638 817 3691 τὸν
834 3637 863 3690 δέ
881 3637 978 3702 πατέρα
997 3637 1073 3703 αὐτῆς
1090 3636 1124 3691 ῶς
1140 3635 1182 3690 ὑπ’
1194 3636 1331 3706 ἀνθρώπου

182 3704 228 3769 τῆς
247 3701 349 3773 φθορᾶς
369 3705 535 3776 γεγενημένης
555 3706 717 3777 ὀργισθῆναι,
738 3709 779 3760 καὶ
799 3707 841 3760 διό
858 3713 934 3762 τοῦτο
952 3706 998 3773 τὴν
1016 3706 1144 3777 θυγατέρα
1162 3707 1198 3762 εῖς
1216 3708 1331 3775 λάρνακα

183 3773 375 3842 συγκλείσαντα
395 3778 488 3835 βαλεῖν
507 3778 543 3832 είς
561 3777 607 3844 τὴν
624 3776 763 3833 θάλατταν.
799 3776 1025 3847 Προσενεχθείσης
1045 3778 1074 3831 δέ
1092 3780 1136 3844 τῆς
1154 3778 1282 3848 λάρνακος
1299 3777 1332 3846 τῇ

183 3842 260 3916 Δήλῳ
272 3846 353 3897 τεκεῖν
366 3844 460 3916 ι’ίρῤενα
477 3849 517 3900 καὶ
534 3852 748 3917 προσαγορεῦσαι
764 3849 794 3902 τδ
810 3849 912 3902 παιδίον
919 3846 1020 3902 Ἀνιον.
1056 3848 1108 3916 Τὴν
1120 3847 1149 3901 δέ
1160 3847 1234 3902 Ῥοιὼ
1245 3870 1330 3918 παρα·

183 3911 265 3979 δόξως
288 3915 420 3970 σωθεῖσαν
443 3916 570 3971 ἀναθεῖναι
594 3919 624 3972 τό
648 3918 749 3988 βρέφος
773 3919 815 3973 ε’πῖ
839 3920 884 3973 τόν
908 3919 996 3987 βωμόν
1019 3922 1066 3973 τοῦ
1088 3916 1264 3986 Ἀπόλλωνος,
1288 3921 1330 3974 καὶ

181 3983 339 4052 ἐπεύξασθαι
362 3987 399 4058 τῴ
423 3987 482 4060 θεῷ,
506 3988 529 4040 εί
552 3989 626 4042 ἔστιν
649 3988 678 4055 ἐξ
702 3989 806 4056 ἐκείνου,
832 3990 924 4054 σώζειν
948 3990 1017 4044 αύτό.
1054 3990 1104 4042 Τόν
1128 3988 1149 4042 δ’
1173 3987 1330 4044 Ἀπόλλωνα

181 4054 360 4126 μυθολογοῦσι
377 4059 436 4111 τότε
452 4059 499 4124 μέν
516 4056 615 4129 κρύψαι
632 4060 662 4112 τὸ
680 4059 791 4122 παιδίον,
810 4057 962 4131 ὕστερονδὲ
978 4060 1157 4128 φροντίσαντα
1173 4063 1218 4127 τῆς
1229 4063 1330 4127 τροφῆς

182 4123 282 4192 διδάξαι
301 4125 347 4193 την
365 4129 494 4196 μαντικὴν,
514 4129 556 4183 καί
574 4151 644 4184 τινας
664 4129 732 4202 αύτῷ
751 4131 906 4200 περιτιθέναι
923 4131 1039 4201 μεγάλας
1057 4131 1140 4197 τιμάς.
1170 4132 1221 4186 Τάς
1239 4131 1267 4184 δέ
1284 4132 1330 4194 τῆς

180 4194 326 4264 φθαρείσης
346 4197 463 4267 ἀδελφάς
487 4199 642 4253 Μολπαδίαν
667 4201 707 4253 καὶ
732 4200 865 4270 Παρθένον
888 4199 1074 4270 φυλαττούσας
1097 4201 1142 4253 τόν
1166 4204 1212 4253 τοῦ
1232 4201 1329 4269 πατρός

181 4260 258 4332 οίνον,
277 4268 438 4336 προσφάτως
456 4268 509 4323 κατ’
528 4269 676 4339 ἀνθρώπους
694 4271 839 4340 εὑρημένον,
861 4271 896 4326 είς
914 4269 994 4325 ύπνον
1012 4271 1200 4338 κατενεχθῆναι·
1225 4267 1280 4322 καθ’
1299 4268 1329 4323 δν

180 4335 212 4403 δὴ
225 4338 312 4406 καιρόν
323 4338 369 4393 τὰς
380 4341 540 4428 τρεφόμενος
552 4341 612 4409 παρ’
625 4342 713 4394 αὐτοῖς
728 4340 756 4395 ὗς
772 4341 910 4407 εἰσελθεῖν,
927 4342 968 4394 καὶ
984 4344 1029 4395 τόν
1044 4363 1072 4393 τε
1089 4340 1182 4409 ἔχοντα
1197 4340 1242 4392 τόν
1257 4334 1328 4392 οίνον

181 4407 291 4475 κέραμον
309 4411 452 4479 συντριφαι
472 4410 512 4462 καὶ
530 4412 575 4463 τὸν
594 4406 662 4464 αἶνον
680 4411 835 4480 διαφθεῖραι.
871 4413 922 4466 Τὰς
941 4412 969 4465 δέ
986 4409 1127 4482 παρθένους
1144 4408 1277 4478 μαθούσας
1297 4410 1328 4462 τό

180 4478 296 4548 γεγονός,
315 4480 356 4532 καὶ
373 4477 537 4550 φοβηθείσας
554 4483 584 4537 τὸ
601 4481 732 4551 ἀπότομον
750 4486 795 4535 τοῦ
813 4484 919 4552 πατρός,
931 4484 1026 4551 φυγεῖν
1040 4482 1084 4537 ε’πῖ
1100 4481 1143 4535 τόν
1155 4479 1273 4550 αίγιαλὸν
1285 4480 1327 4533 καὶ
