3038 5010
216 376 244 435 vi
674 368 921 430 PRAEFATIO.

216 531 429 592 reuiuiscebant
457 527 575 599 litterae,
606 528 684 587 circa
714 542 904 602 1440-1500.
955 527 1045 586 Italos
1075 537 1153 588 certe
1181 528 1239 587 hoc
1270 529 1367 588 studio

217 624 357 686 exarsisse
375 623 493 683 saeculo
514 641 552 681 xv
568 639 630 680 non
655 638 731 680 unus
754 622 835 681 testis
858 630 908 680 est
950 620 1039 680 Velut
1067 621 1137 681 Pius
1162 621 1367 695 Bononiensis,

217 717 375 794 discipulus
398 714 524 793 Philippi
549 713 694 785 Beroaldi,
717 716 748 772 in
772 714 884 773 Annot.
910 714 1019 773 Poster.
1046 733 1109 792 cap.
1138 733 1173 773 12
1200 716 1367 793 explicatio·

217 832 286 873 nem
307 813 351 872 Ib.
369 826 426 887 295
447 828 536 888 quam
554 810 591 871 de
607 810 752 869 Pausania
771 809 818 868 uel
837 808 963 868 Crateua
984 810 1129 886 duplicem
1150 811 1276 886 protulit,
1296 829 1314 868 a
1335 828 1367 869 se

216 909 282 985 ipso
307 908 457 965 inuentam
482 903 560 974 dicit,
585 904 637 962 etsi
662 911 730 961 ante
755 920 823 960 eum
848 901 963 961 Codrus
987 904 1192 978 publicauerit3
1221 905 1303 963 cuius
1326 904 1367 963 rei

216 1010 320 1061 testem
335 1001 403 1060 citat
416 998 530 1057 Lucam
543 997 768 1074 grammaticum
779 994 932 1054 Bononiae
947 1014 1010 1055 non
1024 997 1221 1067 Incelebrem„
1250 997 1309 1056 Hic
1324 1007 1368 1056 est

217 1094 331 1154 Codrus
355 1092 568 1162 Herberiensis,
593 1108 682 1167 quem
707 1107 776 1149 cum
800 1089 958 1149 Laurentio
980 1091 1133 1150 Abstemio
1157 1092 1369 1150 mulloreiusce

216 1191 333 1248 nemori's
349 1190 439 1267 seras
466 1187 607 1256 domuisse,
636 1184 724 1242 mulio
748 1186 874 1242 senticeta
897 1184 1043 1242 collucasse
1065 1185 1150 1244 tradit
1179 1184 1368 1265 Constantius

216 1281 358 1340 Fanensis
383 1280 580 1355 Hecatostyos
604 1296 630 1337 c.
651 1278 689 1335 ix.
732 1276 841 1337 Prodiit
866 1275 910 1336 is*
933 1277 1005 1337 liber
1030 1279 1104 1351 Fani
1128 1296 1206 1338 anno
1232 1278 1365 1350 MDVII,

216 1377 290 1435 inter
317 1374 372 1433 alia
403 1374 486 1433 locos
514 1371 797 1448 Metamorphoseon
826 1381 855 1430 et
886 1370 977 1430 Ibidis
1005 1381 1139 1433 tractans.
1190 1372 1367 1450 Insequente

216 1487 296 1528 anno
321 1469 400 1528 idem
425 1465 616 1527 Constantius
640 1465 785 1541 peculiare
810 1465 983 1542 opusculum
1007 1465 1086 1525 allud
1111 1465 1199 1526 edidit
1223 1466 1305 1538 Fani,
1330 1466 1367 1525 In

216 1563 283 1621 Ibin
305 1560 405 1622 Ouidii
429 1561 609 1620 Sarritiones.
660 1559 719 1617 Hic
743 1577 818 1636 quos
839 1559 907 1618 dicit
929 1559 995 1618 Ibin
1019 1569 1087 1619 ante
1110 1578 1142 1619 se
1166 1561 1366 1637 interpretatos

215 1656 246 1714 hi
269 1666 346 1716 sunt.
396 1654 543 1714 Domitius
564 1653 736 1713 Calderinus
753 1652 932 1713 Veronensis
956 1654 1101 1731 integrum
1125 1673 1244 1713 carmen
1266 1654 1366 1714 addito

216 1748 352 1808 Martiale
372 1748 461 1808 edidit
481 1765 549 1806 cum
571 1747 781 1806 commentario
796 1747 927 1806 Veneriis
947 1766 1027 1807 anno
1049 1764 1133 1823 1474.
1177 1748 1223 1807 De
1244 1747 1366 1807 Domitii

215 1841 427 1902 commentario
457 1841 596 1919 iudicium
628 1839 695 1899 fecit
727 1841 886 1899 Politianus
918 1840 1040 1901 Miscell.
1069 1843 1106 1913 ix,
1137 1841 1261 1901 edidisse
1290 1860 1366 1918 quae

208 1936 312 1995 bonae
333 1935 423 2011 frugis
445 1942 541 1994 essent
565 1933 615 1991 ubi
640 1950 701 1991 non
726 1933 825 1992 fucum
850 1933 958 1993 faceret
980 1945 1009 1993 et
1032 1935 1147 1994 lectoris
1169 1935 1374 2017 credulitatem⁴

214 2028 424 2088 ludificaretur:
457 2027 548 2085 multa
576 2036 675 2084 tamen
702 2027 732 2083 in
762 2044 798 2085 eo
822 2045 900 2085 uana
928 2027 1105 2105 ridiculeque
1130 2028 1305 2088 confinxisse
1330 2048 1366 2088 ex

147 2132 153 2140 ·
214 2130 346 2198 tempore
369 2119 586 2198 commodoque
611 2136 665 2178 suo
681 2117 781 2197 (lxxv).
824 2119 892 2192 Qua
913 2121 943 2178 in
964 2140 995 2180 re
1016 2121 1163 2181 Domitius
1187 2140 1366 2200 quamquam

215 2214 435 2274 excusationem
456 2214 559 2273 habuit
579 2214 609 2271 in
631 2213 750 2272 uetustis
773 2214 890 2273 scholiis
915 2215 1020 2291 quibus
1040 2216 1121 2291 paria
1142 2214 1231 2274 inlata
1253 2215 1366 2274 fuerant

215 2308 379 2379 mendacia,
398 2307 476 2366 dedit
491 2307 658 2382 exemplum
676 2307 757 2384 quod
778 2308 868 2367 secuti
889 2308 1064 2369 recentiores
1078 2308 1143 2367 Ibin
1164 2309 1242 2368 falsis
1263 2309 1366 2368 fabulis

214 2420 277 2461 non
301 2420 367 2461 raro
393 2401 630 2460 dehonestarunt.
683 2399 834 2472 Quantum
862 2401 907 2460 his
935 2401 1078 2461 dissimilis
1106 2403 1168 2480 ipse
1190 2403 1364 2462 Politianusl

214 2504 357 2573 quantum
378 2493 529 2572 Philippus
548 2492 708 2553 Beroaldus
729 2493 796 2552 suitl
841 2494 977 2567 Quorum
997 2497 1045 2555 hic
1066 2497 1097 2554 in
1119 2496 1366 2556 Annotationibus

215 2589 344 2650 Centum
366 2588 440 2647 duos
459 2588 541 2647 locos
558 2605 594 2646 ex
611 2587 695 2646 Ibide
711 2600 767 2662 591
784 2598 813 2647 et
829 2593 887 2664 389
903 2590 1013 2665 optime
1032 2591 1233 2667 interpretatus
1250 2599 1302 2662 est,
1319 2590 1365 2648 ille

214 2683 419 2761 grauissImum
432 2681 572 2740 mendum
587 2682 668 2759 quod
684 2685 742 2756 569
755 2683 912 2759 antiquitus
926 2684 1070 2743 insederat
1084 2704 1187 2760 agenor
1200 2684 1365 2745 doctissime

215 2796 252 2836 ex
274 2775 400 2850 Odyssia
421 2774 594 2834 emendauit.
646 2775 763 2834 Praeter
783 2776 838 2834 hos
859 2787 888 2835 et
903 2778 988 2836 Pium
1010 2778 1134 2838 citantur
1155 2798 1173 2838 a
1193 2779 1365 2839 Constantio

214 2870 329 2930 Urceus
343 2868 460 2930 Codrus
474 2869 512 2928 ad
521 2867 708 2944 Amyntiaden
720 2881 789 2943 295,
803 2868 985 2946 Eurydamas
1000 2890 1068 2947 331,
1083 2874 1181 2949 dispar
1194 2873 1283 2931 cultus
1298 2874 1365 2947 346,

214 2964 311 3023 Filio
332 2969 359 3022 et
382 2962 494 3023 Cereris
520 2980 588 3036 419,
609 2969 635 3020 et
654 2962 753 3021 arbore
777 2969 872 3021 nalum
899 2979 975 3040 503:
1003 2965 1176 3026 Laurentius
1199 2967 1366 3025 Abstemius

215 3055 362 3136 (Lorenzo
389 3054 578 3133 Bevilacqua)
606 3054 824 3128 Maceratensis‚
850 3057 888 3115 ad
915 3057 1047 3134 Notaque
1074 3067 1107 3118 ut
1131 3059 1269 3118 Aeacidae
1298 3073 1366 3135 305,

215 3152 279 3210 dux
297 3151 410 3211 Poenus
428 3151 497 3224 389,
516 3148 647 3207 Imlusus
662 3169 747 3207 cauea
765 3164 834 3226 519,
857 3151 893 3210 Vl
903 3161 978 3227 puer
991 3153 1175 3230 Harpagides
1190 3169 1257 3229 545.
1301 3155 1366 3213 Fuit

215 3244 263 3305 hic
277 3242 449 3303 Laurentius
469 3251 552 3318 pater
573 3241 690 3302 Nicolai
711 3244 856 3303 Abstemii
877 3247 924 3304 cui
946 3246 1118 3306 Sarritiones
1139 3266 1206 3306 suas
1221 3247 1366 3307 Constan

215 3343 272 3402 tius
295 3341 448 3411 dedicauit,
471 3341 524 3412 uir,
549 3341 657 3400 eodem
680 3349 753 3400 teste
775 3330 959 3413 Constantio,
980 3352 1066 3403 extro
1087 3364 1188 3404 omnem
1210 3348 1316 3423 erigenti
1334 3365 1367 3404 ac

216 3437 354 3495 doctrinae
368 3435 455 3492 aleam
469 3434 591 3510 positus,
602 3432 790 3510 edideratque
804 3437 900 3493 mullis
913 3439 998 3494 annis
1012 3449 1078 3496 ante
1093 3456 1182 3514 quarn
1195 3439 1366 3498 Sarritiones

216 3529 246 3587 in
259 3528 355 3589 lucem
369 3527 519 3604 prodirent
532 3527 652 3585 libellum
670 3537 755 3602 prope
771 3529 930 3586 aureamin
945 3547 1005 3604 quo
1020 3540 1155 3605 quattuor
1174 3530 1257 3590 locos
1278 3531 1367 3590 Ibidis

216 3622 380 3698 exposuit.†
420 3619 526 3697 Longe
547 3609 654 3680 tamen
663 3621 767 3679 melius
784 3621 847 3698 ipse
861 3619 1052 3681 Constantius
1069 3623 1106 3682 de
1121 3622 1230 3683 Ouidio
1249 3624 1367 3683 meritus

217 3725 260 3774 est
281 3715 312 3773 in
332 3713 478 3791 opusculis
499 3733 575 3792 quae
597 3701 683 3793 supra
703 3715 873 3786 memoraui,
891 3732 1015 3791 quorum
1037 3716 1203 3792 exemplum
1220 3714 1304 3795 (liber
1323 3728 1368 3777 est

216 3805 318 3886 rarlor)
332 3817 448 3883 praesto
462 3807 533 3865 mihi
547 3796 823 3885 fuit-,eommodante
837 3807 861 3867 I.
873 3805 1011 3884 Bywater.

167 3962 172 3969 ‚
258 3897 329 3958 Non
352 3899 426 3976 fugit
448 3900 552 3961 doctos
576 3900 652 3959 circa
676 3900 744 3959 Ibin
768 3902 924 3978 praecipue
948 3903 1057 3960 uersari
1079 3904 1307 3962 controuersiam
1330 3904 1367 3965 de

216 3991 255 4053 L.
273 3991 393 4052 Caecilii
408 3991 575 4052 obrutam·
584 3991 702 4070 Apuleii
716 3992 907 4053 Grammatici
910 3995 1089 4073 fragmentis
1107 3996 1139 4053 de
1155 3995 1367 4074 Ortbegraphia

250 4127 265 4160 *
283 4125 483 4173 Collectaneorum
496 4126 635 4188 Hecatostys
643 4127 721 4174 Prima
732 4127 851 4175 Hadriano
863 4127 978 4176 Cardinali
990 4128 1073 4176 dicata.
1102 4131 1167 4180 Fani.
1178 4129 1253 4178 Nonis
1265 4131 1368 4192 Septem-

216 4189 293 4238 bribus
315 4191 420 4239 MDVII.
454 4190 590 4251 Insequente
610 4206 671 4239 anno
689 4192 763 4240 editae
781 4195 881 4242 suntab
900 4194 983 4241 eodem
1003 4195 1141 4243 Constantio
1160 4196 1216 4242 Fani
1236 4197 1268 4243 xii
1287 4198 1367 4244 Galen.

218 4255 334 4313 Quintiles
345 4256 453 4302 MDVlll
465 4256 491 4302 ln
503 4256 555 4303 lbin
566 4256 643 4303 Ouidii
657 4258 802 4308 Sarritiones.

249 4320 268 4379 †
285 4319 347 4368 Libri
364 4322 410 4368 duo
426 4322 454 4370 de
471 4321 607 4381 quibusdam
623 4322 679 4369 locIs
695 4324 801 4379 obscurIs,
812 4322 923 4379 Veneriis,
933 4325 982 4372 sine
998 4324 1163 4389 significatione
1179 4328 1240 4375 anni.
1276 4327 1366 4374 LiberI

217 4384 290 4432 editus
307 4386 381 4433 estin
398 4387 490 4434 Gruteri
507 4387 624 4447 Lampade
636 4389 651 4432 i.
664 4403 687 4448 p.
700 4387 756 4449 878.
789 4388 890 4437 Praefuit
907 4389 1061 4439 bibliothecae
1073 4392 1143 4439 Guidi
1155 4392 1239 4440 Vbaldi
1250 4391 1367 4440 Vrbinatis

216 4449 280 4498 ducis
291 4450 368 4512 ibique
379 4452 563 4500 Grammaticam
575 4453 662 4503 docuit.
