3038 5010
287 383 325 439 86
765 373 945 434 SCHOLIA

324 553 392 610 494.
413 532 458 593 Vt
486 530 544 610 qui
573 531 797 612 Socraticum.
851 530 982 590 Historia
1007 529 1079 590 haec
1103 539 1147 589 est
1172 529 1208 590 de
1230 529 1433 590 Theombroto

282 615 465 677 Ambraciota
489 615 606 691 dequo
631 613 736 672 Cicero
758 614 788 670 iu
811 611 987 692 Tusculanis
1010 612 1239 684 Quaestionibus
1261 612 1329 670 facit
1350 630 1433 670 men·

282 699 392 758 tionem
414 705 443 755 et
464 696 632 754 Lactantius
653 696 683 752 in
705 694 933 766 Quaestionihus
954 693 1069 752 Diuinis
1089 691 1168 771 (III.
1193 691 1257 770 18):
1284 694 1334 769 qui
1355 693 1433 752 lecto

283 778 414 838 Platonis
430 778 466 837 de
480 776 694 836 immortalitate
709 776 823 834 animae
838 776 954 851 saepius
972 775 1045 833 libro
1060 775 1109 833 ubi
1128 773 1272 833 inducitur
1288 774 1433 845 Socrates,

285 879 316 920 se
340 860 377 919 de
402 877 473 919 saxo
496 859 684 935 praecipitem
707 857 794 927 dedit,
817 857 908 914 multo
932 856 1035 916 melius
1058 856 1187 915 futurum
1210 855 1333 916 credens
1357 855 1434 914 mori

283 959 374 1018 quam
394 942 502 1000 uiuere.
546 938 612 999 Coa'.
630 940 667 1013 36
683 936 1002 997 SeminariiPatauc'ni.

326 1035 395 1098 495.
416 1020 461 1078 Vt
481 1020 539 1096 qui
560 1020 727 1079 Theseae.
779 1020 824 1077 De
838 1017 944 1094 Aegeo
960 1018 1037 1078 dicit.
1081 1017 1118 1077 G.

325 1104 462 1177 Aegeum
476 1111 589 1178 patrem
604 1101 712 1160 Thesei
728 1101 819 1176 tangit
834 1102 880 1159 cui
895 1100 1030 1159 Theseus
1045 1099 1082 1158 ad
1093 1099 1294 1158 Minotaurum
1309 1099 1435 1159 tendens

284 1203 353 1246 cum
366 1184 457 1260 nigris
470 1183 542 1243 uelis
557 1183 637 1260 quod
651 1194 711 1246 erat
725 1183 843 1258 signum
859 1182 989 1240 tristitiae
1010 1181 1182 1259 promiserat
1203 1199 1235 1239 se
1255 1190 1434 1239 mutaturum

284 1268 368 1342 nigra
390 1265 455 1324 uela
479 1265 509 1323 in
530 1261 596 1322 alba
617 1264 642 1323 si
668 1263 867 1322 Minotaurum
888 1264 1026 1334 uinceret
1086 1280 1146 1340 quo
1169 1263 1288 1321 tandem
1310 1264 1389 1321 uicto
1416 1281 1435 1322 a

284 1348 404 1407 Theseo
430 1355 535 1405 nautae
559 1363 627 1422 prae
647 1344 752 1404 laetitia
777 1345 860 1404 obliti
882 1353 950 1403 sunt
972 1353 1081 1402 mutare
1102 1343 1184 1402 uela:
1214 1362 1289 1421 quae
1312 1345 1380 1420 quia
1403 1345 1435 1402 in
1485 1338 1489 1344 ’

284 1428 378 1488 reditu
398 1435 479 1506 pater
500 1427 536 1485 de
556 1445 622 1486 arce
644 1444 697 1486 sua
717 1426 800 1502 nigra
820 1426 893 1486 uidit
910 1425 1000 1484 filium
1016 1443 1099 1484 suurn
1114 1434 1221 1502 putans
1235 1434 1383 1484 mortuum
1397 1426 1435 1485 de

285 1510 388 1570 eadem
403 1527 469 1568 arce
484 1527 515 1568 se
529 1507 559 1566 in
574 1526 655 1567 mare
669 1508 876 1584 praecipitauit,
891 1526 909 1565 a
926 1525 986 1583 quo
1007 1506 1117 1566 dictum
1137 1515 1182 1564 est
1196 1504 1333 1583 Aegeum
1354 1525 1434 1565 mare

286 1593 391 1668 etipse
406 1591 509 1650 dicitur
522 1591 552 1647 in
567 1590 639 1647 mari
654 1589 804 1648 deificatus
819 1607 893 1648 esse.
937 1587 970 1647 C.

329 1675 396 1748 496.
417 1681 455 1731 ut
471 1671 579 1729 Iliaca
597 1672 722 1730 missus
744 1672 785 1729 ab
806 1688 883 1729 arce
905 1688 995 1745 puer.
1038 1668 1186 1729 Astianax
1205 1668 1280 1728 filius
1295 1668 1434 1729 Hectoris

285 1770 375 1834 quern
389 1754 490 1812 Vlixes
504 1753 541 1810 de
556 1753 625 1811 turri
638 1752 846 1828 praecipitauit.
891 1750 928 1810 G.
1291 1773 1297 1783 ·

328 1846 397 1910 497.
418 1834 463 1893 Vt
483 1835 592 1893 teneri
614 1834 737 1892 nutrix.
779 1833 844 1892 Ino.
890 1831 926 1892 Θ.

328 1910 467 1998 [Dicitur]
483 1916 519 1974 de
533 1915 611 1974 Ince
625 1933 700 1991 quae
717 1914 863 1973 Bacchum
877 1921 1038 1973 extractum
1053 1913 1090 1972 de
1109 1921 1211 1971 uentre
1227 1912 1357 1972 Semeles
1371 1913 1435 1973 eius

286 1998 396 2060 sororis
417 2016 435 2056 a
456 1997 529 2056 Ioue
551 1997 719 2055 fulminatae
740 1996 857 2054 nutriuit
877 2005 911 2053 et
927 2013 1016 2054 suasu
1030 1995 1154 2053 Iunonis
1173 1993 1436 2070 perTisiphonem

287 2079 425 2139 insaniuit
445 2086 474 2137 et
494 2071 640 2137 cum*filio
663 2075 814 2136 Melicerta
835 2073 895 2157 [se]
915 2077 946 2134 i'n
967 2095 1048 2135 mare
1072 2075 1283 2153 praecipitauit,
1309 2074 1435 2135 Ouidius

288 2159 379 2219 Meta.
424 2158 570 2218 catast.
1455 2200 1458 2204 .

330 2243 398 2316 498.
427 2240 472 2299 Vt
505 2239 560 2299 cui
582 2245 697 2298 'causa
735 2239 838 2298 necis.
923 2237 1026 2297 Perdix
1039 2237 1437 2314 fuitneposDaedali,quem

287 2323 393 2382 Perdix
416 2339 510 2398 nepos
534 2319 658 2380 Daedali
683 2338 790 2380 serram
812 2329 841 2380 et
881 2321 945 2396 ipse
967 2319 1115 2378 Daedalus
1136 2319 1244 2391 docuit,
1260 2320 1312 2379 sed
1333 2329 1438 2396 postea

287 2404 344 2463 alia
375 2404 567 2461 instmmenta
594 2402 712 2460 inuenit.
762 2401 840 2461 unde
882 2402 969 2460 nimis
991 2401 1105 2472 doctus,
1120 2403 1158 2459 ab
1180 2418 1217 2460 eo
1238 2401 1307 2478 quia
1324 2419 1436 2461 serram

271 2484 446 2556 Daedalus,
464 2493 583 2560 propter
603 2483 751 2554 inuidiam,
773 2501 840 2542 eum
880 2485 984 2560 reperit
998 2482 1167 2542 interfectus
1181 2491 1233 2542 est.
1276 2481 1315 2540 P.

235 2639 237 2645 Ι
288 2566 489 2645 praecipitauit
502 2565 533 2622 in
547 2566 647 2623 mari-
674 2563 710 2624 G.
1150 2588 1153 2597 ·

331 2668 399 2723 499.
433 2646 558 2705 Lindia
600 2663 636 2704 se
679 2646 841 2723 scopulis.
924 2646 1026 2704 Lidiae
1041 2645 1169 2722 uirgines
1184 2645 1439 2706 conuitiaBaccho

289 2727 434 2790 Hercules
448 2729 541 2787 boues
552 2727 703 2786 cuiusdam
714 2729 842 2788 comedit
883 2729 1049 2804 ingerentes
1071 2737 1100 2787 et
1121 2727 1228 2787 festum
1251 2728 1313 2787 eius
1337 2727 1438 2805 prrffa-

326 2877 387 2926 494.
406 2874 421 2912 a
439 2857 573 2911 Brociade
584 2861 682 2911 Patau.
754 2859 856 2911 Seriora
875 2859 915 2911 hic
932 2866 963 2911 ut
981 2860 1082 2912 acriora
1095 2859 1211 2927 praetuli
1228 2877 1373 2926 quanquam
1391 2876 1440 2910 non

289 2943 348 2986 ante
359 2949 425 2985 saec.
432 2930 463 2980 X
463 2929 487 2980 V
490 2931 659 2983 innotuerunt.
680 2928 782 2982 Habent
794 2931 861 2982 hanc
872 2931 1103 2997 interpretationem
1116 2931 1164 2982 duo
1174 2930 1291 2983 Vaticani
1299 2929 1358 2983 Pal.
1370 2943 1437 2994 1709

289 3013 314 3058 et
331 3004 394 3071 ch.
409 3002 487 3067 2061,
501 3000 543 3053 ubi
561 3001 718 3065 theobrotus,
732 3003 771 3053 uti
788 3002 814 3053 in
831 3001 970 3066 Patauino,
983 3001 1084 3064 dicitur,
1097 3019 1161 3067 quac
1169 3002 1265 3066 forma
1283 3003 1391 3053 nominis
1410 3002 1437 3052 in

290 3072 415 3127 nonnullis
428 3071 548 3125 codicibus
561 3071 766 3124 ‘Tusculanarum
777 3073 799 3122 Ι.
812 3087 852 3135 34.
864 3076 896 3135 84
909 3073 1046 3124 inuenitur.
1072 3070 1241 3124 Cleombrotus
1253 3091 1271 3124 a
1282 3071 1440 3123 Callimacho

290 3145 366 3214 Epig.
379 3143 468 3195 XXV.
484 3160 494 3193 1
510 3143 658 3194 nominatur
668 3153 693 3194 et
704 3142 731 3193 in
743 3143 843 3210 optimis
855 3142 976 3194 codicibus
989 3141 1122 3194 Ciceronis.
1155 3143 1232 3194 Mera
1243 3152 1281 3196 est
1292 3143 1319 3194 in
1332 3143 1375 3193 hoc
1387 3141 1439 3194 loco

290 3215 392 3268 inscitia
410 3214 615 3274 scholariorum,
634 3231 740 3281 quorum
761 3213 784 3265 G
801 3212 862 3264 haec
879 3211 954 3264 haber
973 3213 1099 3264 Socrates
1120 3212 1230 3264 insanus
1249 3228 1299 3280 pro
1318 3211 1438 3280 quodam

290 3283 422 3352 discipulo
434 3299 485 3335 suo
497 3281 636 3348 Alcipiade
649 3279 707 3350 (sic)
721 3281 810 3335 hausit
822 3298 960 3335 uenenum
972 3287 1002 3335 et
1015 3282 1109 3347 euasit,
1122 3281 1211 3335 hausit
1229 3298 1296 3336 uero
1314 3298 1365 3350 pro
1384 3281 1438 3335 deo

291 3353 351 3425 (do)
365 3359 394 3408 et
406 3353 497 3422 periit.
532 3367 617 3474 ‘luam
628 3352 694 3404 dum
706 3352 768 3404 libri
779 3353 848 3405 suia
864 3352 955 3420 phebo
967 3357 1157 3405 cremarentur
1169 3353 1281 3421 quidam
1293 3352 1439 3421 discipulus

290 3442 354 3478 suus
367 3424 455 3477 uoluit
467 3439 535 3491 quos
555 3438 599 3475 am
611 3422 736 3491 exempla
747 3423 848 3476 habere
867 3422 940 3476 unde
958 3422 992 3475 ab
1011 3423 1110 3475 inuidis
1128 3423 1155 3474 in
1174 3424 1243 3476 mari
1261 3424 1440 3492 precipitatus

291 3502 342 3562 est,
356 3496 378 3550 C
394 3497 456 3548 haec
473 3513 530 3547 cam
544 3495 609 3546 Ask.
627 3493 809 3546 Athenienses
826 3499 933 3547 socrate
952 3499 1063 3546 mortuo
1082 3493 1164 3547 libros
1176 3510 1245 3563 quos
1264 3495 1320 3561 ipse
1332 3494 1440 3547 fecerat

291 3567 481 3634 imposuerunt
493 3563 557 3630 igni,
569 3579 638 3632 quos
650 3563 714 3632 quia
725 3565 844 3617 seruauit
857 3564 968 3633 quidam
981 3564 1085 3618 amicus
1097 3565 1155 3617 eius
1168 3565 1202 3618 ab
1214 3565 1313 3618 inuidis
1326 3564 1360 3616 de
1372 3580 1439 3617 saxo

291 3636 484 3705 praecipitatus
496 3641 547 3688 est.
576 3634 662 3687 Nimis
665 3634 774 3701 futtilia
787 3646 846 3688 sunt
857 3655 921 3702 quac
932 3635 1005 3688 addit
1018 3636 1040 3689 C
1050 3655 1106 3688 cum
1119 3638 1205 3690 Mure.
1231 3637 1346 3690 Ceterum
1359 3638 1440 3688 miror

292 3726 382 3761 ueram
402 3708 631 3775 interpretationem
650 3706 762 3771 latuisse,
781 3725 838 3758 cum
855 3709 882 3760 in
900 3703 999 3760 scholiis
1020 3707 1137 3776 Gregorii
1154 3706 1323 3760 Nazianzcni
1340 3708 1440 3775 saepius

277 3785 281 3792 '
293 3788 507 3842 commemoretur,
520 3787 548 3829 ut
561 3778 643 3829 Cosm.
652 3788 682 3846 p.
692 3790 751 3839 577,
765 3777 850 3830 Noun.
859 3789 888 3846 p.
899 3794 960 3842 994.

328 3863 390 3913 495.
408 3847 541 3914 egeumG
608 3846 759 3901 tristicieC
827 3863 877 3915 pro
890 3846 1016 3901 leticiaC
1084 3847 1196 3902 ablitiC
1265 3861 1362 3912 egeum
1375 3848 1404 3901 C.

328 3921 389 3984 496.
409 3918 572 3988 astionasG.
668 3964 670 3967 .
971 3938 973 3943 ⁴

328 4003 390 4055 497.
408 3986 530 4058 Dicitur]
544 4008 592 4042 om.
605 3988 670 4043 Ask.
740 3989 849 4056 ynoeG
915 3988 1069 4042 bachumC
1134 3989 1249 4042 semeles
1261 3987 1362 4043 sororis
1374 4003 1439 4042 suae

294 4061 359 4114 Ask.
413 4058 640 4125 thesiphonemC
691 4057 874 4114 melecertaC
932 4057 973 4129 se]
987 4061 1071 4114 omC
1105 4061 1169 4114 Met.
1183 4060 1228 4114 IV.
1241 4078 1303 4127 431.

258 4156 265 4163 ·
330 4135 391 4197 498.
410 4128 505 4198 nepos]
519 4129 753 4192 imosororisfilius
766 4130 860 4199 Hygin.
876 4136 916 4197 38,
930 4132 993 4184 Mes.
1007 4130 1079 4183 Vns
1095 4148 1144 4196 242
1253 4147 1341 4184 seram
1359 4127 1441 4183 hostii

292 4203 372 4272 inepte
383 4205 407 4255 P
418 4200 484 4268 quod
499 4203 598 4253 correxi
662 4200 780 4270 Apollod.
793 4202 845 4254 III.
861 4217 902 4266 15.
915 4219 930 4267 9
944 4203 973 4254 de
985 4200 1045 4254 Tala
1053 4200 1113 4268 filio
1129 4203 1243 4257 Perlicis
1261 4204 1356 4256 sororis
1368 4202 1440 4254 Dae·

291 4274 348 4328 tati
359 4291 430 4342 quem
441 4290 528 4324 serrae
539 4273 765 4339 repertorcmfacit
776 4271 891 4339 μαθητὴν
902 4270 972 4337 ὄντα,
985 4271 1073 4328 δείσας
1083 4271 1118 4340 μὴ
1131 4272 1173 4325 διὰ
1185 4273 1231 4342 τὴν
1243 4270 1351 4344 εὐφυίαν
1363 4271 1442 4325 αὐτὸν

291 4343 434 4411 ὑπερβάλῃ·
453 4342 562 4411 σιαγόνα
573 4341 624 4410 γὰρ
637 4339 723 4409 ὄφεως
734 4340 815 4410 εὑρὼν
826 4341 906 4410 ξύλον
917 4343 1013 4396 λεπτὸν
1024 4343 1125 4410 ἔπρισε.

331 4431 392 4480 499.
409 4412 514 4466 Nannus
523 4411 560 4465 ad
567 4412 673 4481 Gregor.
684 4414 717 4476 56
726 4410 816 4466 Λίνδος
829 4414 906 4468 πόλις
917 4412 1014 4468 παλαιὰ
1025 4415 1071 4480 τῆς
1081 4410 1180 4467 Ῥόδου·
1199 4411 1227 4466 ἐν
1238 4411 1317 4481 ταύτῃ
1328 4415 1365 4484 τῷ
1378 4413 1443 4481 ἱερεῖ

292 4485 328 4556 τῷ
340 4483 426 4539 θύοντι
439 4484 480 4536 καὶ
491 4479 635 4554 θοινωμένῳ
652 4483 697 4537 τὸν
707 4484 782 4549 βοῦν,
794 4483 820 4534 oi
831 4481 934 4540 θύοντες
952 4503 1013 4550 narn
1031 4488 1095 4537 ὣντο
1113 4484 1155 4536 καὶ
1174 4483 1380 4554 διελοιδοροῦντο
1399 4484 1440 4537 καὶ

294 4553 400 4628 ὕβριζον
410 4553 498 4625 ὕβρεις
510 4552 558 4624 οὐχ
570 4553 654 4610 ὁσίας.
734 4551 895 4608 sacrificiiG
977 4505 1162 4610 inlicrentesC
1174 4556 1239 4610 Ask.
1321 4554 1439 4624 propha-
