3038 5010
241 408 251 471 l
651 403 978 466 PROLEGOMENA.

243 562 328 622 uiuos
352 562 538 631 insectantur,
563 560 642 620 uelut
665 561 696 618 in
724 577 836 636 papyro
858 558 995 618 Leidensi
1020 557 1147 634 queritur
1171 557 1290 618 maritus
1314 557 1396 635 quod

243 644 381 706 defuncta
395 643 522 703 coniunx
536 642 619 702 malis
633 642 730 702 modis
745 641 839 700 adhuc
854 659 885 700 se
900 650 987 698 uexet
1002 636 1090 718 (Ren.
1105 658 1134 716 p.
1151 637 1229 717 154).

284 725 320 785 vi.
340 723 456 784 Eodem
475 723 568 783 refero
587 723 668 800 quod
687 724 717 781 in
738 723 863 782 historiis
885 723 975 781 Ibidis
997 721 1101 780 totiens
1122 730 1274 780 nanantur
1293 721 1394 780 incesti

243 824 365 866 amores.
409 802 487 863 Nam
502 815 533 863 ut
548 805 632 864 frater
646 822 775 863 sororem
790 804 916 874 duceret,
931 821 1037 879 parens
1051 821 1119 861 cum
1137 801 1233 860 liberis
1252 820 1393 862 concum-

134 903 140 909 ·
242 889 333 960 beret,
342 897 372 946 et
384 904 460 963 quae
474 886 530 945 alia
543 885 709 944 huiusmodi
723 895 799 954 sunt,
810 885 946 945 usitatum
958 884 1116 960 Aegyptiis,
1128 884 1203 941 inter
1217 883 1288 942 alios
1302 885 1393 943 rarius

243 969 305 1029 fuit.
348 969 598 1029 Consecrauerant
611 968 755 1028 incestum
768 966 979 1042 Aegyptiorum
996 965 1157 1040 flagitiosae
1173 963 1295 1036 fabulae,
1310 983 1393 1040 prae·

244 1050 329 1126 cipue
343 1048 380 1109 de
394 1049 472 1107 Iside
486 1067 586 1121 sorore
600 1066 634 1106 ac
649 1049 775 1124 coniuge
790 1046 920 1106 Osiridis.
963 1046 1022 1104 Sed
1036 1056 1065 1105 et
1079 1046 1151 1105 aliae
1165 1046 1301 1105 historiae
1320 1065 1394 1122 quas

243 1131 274 1189 in
288 1130 370 1189 Ibide
384 1148 419 1189 ac
433 1130 580 1189 Tristibus
594 1129 726 1205 repetiuit
740 1127 863 1188 Ouidius
877 1128 935 1187 huc
949 1127 1046 1187 referri
1060 1137 1201 1203 poterant
1244 1126 1332 1186 Velut
1346 1128 1394 1186 illa

244 1212 281 1270 de
296 1212 422 1287 Telephi
437 1211 519 1270 hasta
537 1212 641 1269 eadem
657 1211 829 1269 uulnerante
842 1209 986 1268 Achillem
1005 1227 1039 1267 ac
1062 1219 1183 1268 sanante
1205 1208 1327 1267 similem
1348 1209 1393 1267 sui

243 1295 319 1352 inter
332 1292 493 1369 Aegyptios
507 1291 607 1352 hahuit
616 1310 624 1364 3
646 1309 716 1350 nam
735 1292 766 1349 in
784 1291 857 1350 libro
872 1290 1057 1349 Mortuorum
1076 1309 1101 1349 c.
1117 1290 1173 1349 cxii
1187 1291 1301 1349 Anubis
1315 1289 1392 1349 Hori

244 1374 426 1433 uulneratum
442 1373 560 1433 oculum
576 1373 655 1432 fouet
670 1390 758 1449 quem
772 1372 851 1447 prius
865 1372 927 1448 ipse
942 1371 1113 1431 confoderat
1122 1369 1258 1451 (Renouf
1268 1390 1295 1447 p.
1312 1370 1390 1450 114);

243 1474 333 1533 quam
351 1455 478 1514 fabulam
497 1455 577 1513 aliter
595 1455 680 1515 tradit
699 1453 869 1513 Plutarchus
888 1453 925 1513 de
946 1454 985 1512 Is
1007 1463 1036 1512 et
1058 1452 1134 1513 Osir.
1150 1466 1188 1527 55
1209 1453 1333 1527 >rigovera
1353 1455 1393 1508 bn

243 1542 290 1593 τοῦ
304 1537 387 1610 Ὥρου
406 1541 451 1594 νῦν
467 1539 514 1608 μὲν
534 1538 653 1606 ἐπάταξε,
674 1540 719 1592 νῦν
738 1535 760 1590 δ’
781 1537 878 1606 ἐξελὼν
899 1536 1014 1592 κατέπιεν
1034 1539 1048 1591 ὁ
1068 1538 1163 1607 Τυφὼν
1182 1537 1227 1601 τὸν
1247 1535 1392 1607 ὀφθαλμόν,

244 1629 276 1676 ut
286 1618 343 1676 huc
352 1629 484 1693 spectare
493 1618 619 1693 potuerit
628 1617 755 1676 narratio
765 1615 802 1676 de
810 1616 916 1693 Tydeo
925 1614 1088 1693 Melanippi
1098 1616 1249 1675 cerebrum
1259 1625 1392 1692 sugente,

244 1717 335 1777 quarn
349 1699 439 1757 bisin
453 1698 537 1757 Ibide
552 1698 672 1757 induxit.

285 1781 331 1838 vii.
352 1780 488 1855 Denique
510 1779 649 1856 supplicia
671 1779 841 1851 Inferorum
863 1778 959 1855 qualia
979 1776 1056 1836 Ibidi
1077 1777 1200 1838 Ouidius
1221 1778 1392 1854 inprecatur,

243 1879 390 1938 nusquam
406 1861 516 1920 maiore
533 1869 673 1936 apparatu
694 1879 749 1919 nec
770 1860 902 1935 longiore
923 1859 995 1919 serie
1017 1859 1233 1935 explicabantur
1253 1876 1342 1934 quarn
1362 1859 1394 1915 ln

244 1943 464 2019 Aegyptiorum·
491 1941 653 2018 sculpturis.
706 1941 792 2001 Talia
819 1941 989 2000 Thebarum
1019 1940 1158 1999 exhibent
1190 1942 1393 2000 subterraneae

230 2042 387 2093 ,cauernae
402 2022 553 2100 (Syringas
567 2021 733 2101 uocabant),
748 2023 902 2099 praecipue
916 2039 988 2080 uero
1003 2022 1168 2098 sepulcrum
1184 2020 1263 2080 Sethi
1278 2019 1319 2080 L*
1355 2020 1394 2078 Et

244 2104 461 2167 confluentibus
486 2105 516 2163 ln
537 2104 667 2163 Romam
687 2104 716 2162 ln
740 2104 802 2163 dies
823 2113 867 2163 tot
887 2103 1012 2179 populis,
1035 2104 1099 2180 quis
1120 2104 1238 2162 miretur
1258 2103 1340 2171 haec,
1362 2111 1394 2160 ut

245 2196 341 2247 cetera
356 2185 492 2254 Orientis,
506 2185 537 2244 in
558 2186 690 2245 notitiam
711 2186 878 2260 peruenisse
901 2185 1122 2244 Romanorum?
1164 2184 1296 2260 Caligula
1314 2178 1394 2242 ‘certe

243 2267 407 2343 imperante
417 2266 577 2342 parabatur
591 2274 618 2325 ei
629 2269 659 2325 in
673 2273 771 2325 noctem
786 2268 974 2341 spectaculum,
989 2285 1040 2341 qua
1053 2271 1219 2343 argumenta
1231 2265 1394 2344 [efferarum

240 2357 294 2424 per
307 2348 458 2424 Aegyptios
478 2355 504 2405 et
521 2346 671 2424 Aethiopas
690 2349 902 2424 explicarentur
921 2346 1013 2426 (Suet.
1028 2346 1121 2424 Calig.
1139 2346 1207 2425 57);
1232 2347 1310 2406 unde
1332 2364 1394 2404 non

245 2429 308 2488 sine
333 2447 422 2489 causa
444 2428 584 2489 Renanus
608 2429 716 2505 colligit
740 2428 906 2489 huiusmodi
929 2429 1094 2505 spectacula
1117 2430 1206 2488 moris
1230 2447 1264 2489 ac
1287 2427 1395 2487 saeculi

244 2509 342 2570 fuisse.

776 2720 868 2793 Vll.

288 2918 451 2980 Ouidianae
466 2919 555 2980 Ibidis
570 2920 649 2996 apud
662 2932 774 2981 ueteres
788 2922 933 2980 rarissima
946 2921 1065 2980 mentio,
1089 2919 1173 2980 Duos
1188 2930 1299 2979 tantum
1313 2921 1396 2980 locos

247 3020 284 3060 ex
307 3020 343 3060 ea
364 3003 432 3061 citat
453 3001 609 3078 Eutyches,
629 3020 676 3061 uu.
695 3022 740 3072 11,
760 3022 794 3062 12
815 3005 845 3060 in
863 3005 934 3062 Arte
948 3003 974 3059 ii.
996 3017 1011 3077 7
1034 3003 1084 3061 ubi
1106 3003 1142 3061 de
1163 3003 1253 3061 uerbo
1274 3004 1397 3078 relegare

245 3083 371 3159 loquens
390 3083 482 3142 allatis
501 3083 630 3159 Vergilio
650 3093 679 3141 et
698 3083 820 3143 Lucano
839 3085 911 3143 haec
930 3084 1010 3142 addit
1026 3103 1054 3160 p.
1071 3097 1129 3157 475
1145 3083 1213 3142 Keil
1230 3082 1348 3142 Ouidius
1366 3087 1396 3142 in

246 3163 326 3223 Ibide
332 3166 517 3240 pariz'eipium
525 3167 615 3239 ponit
644 3163 700 3223 Ille
709 3167 858 3242 relegatum
868 3166 980 3242 gelidas
990 3165 1141 3240 Aquilonis
1151 3167 1191 3224 ad
1201 3183 1267 3224 oras
1279 3164 1396 3245 (gelidas

246 3253 367 3304 —arlus
378 3245 464 3305 codd.
477 3244 588 3324 Ouidii)
599 3245 668 3305 Nan
678 3249 749 3308 sinit
760 3249 849 3305 exitu
863 3249 1000 3306 delciuisse
1010 3266 1059 3304 sua
1069 3245 1136 3322 (mea
1146 3245 1232 3305 codd.
1244 3244 1354 3324 Ouidii)
1367 3257 1396 3305 et
1435 3284 1439 3289 -

247 3346 274 3386 u.
287 3343 345 3402 503
355 3329 386 3385 in
396 3328 457 3385 Art.
473 3328 500 3386 ii.
513 3341 548 3401 15
558 3330 607 3387 leta
621 3329 696 3387 letas.
731 3327 852 3386 Ouidius
861 3330 893 3387 in
904 3328 982 3386 Ibide
996 3327 1102 3403 Quique
1109 3327 1291 3403 Lycurgiden
1301 3328 1399 3386 leiauit

142 3470 144 3477 ,
247 3415 274 3466 ei
282 3409 380 3468 arbore
389 3415 492 3467 nalum.
524 3409 626 3484 Itaque
635 3409 784 3485 legebatur
794 3409 855 3468 Ibis
867 3410 983 3469 saeculo
992 3419 1059 3485 post
1068 3409 1136 3468 Chr.
1145 3419 1236 3479 sexto,
1246 3410 1269 3469 si
1278 3409 1396 3485 quidem
1417 3419 1420 3423 ’

248 3489 395 3565 Eutyches
409 3489 547 3548 Prisciani
561 3489 717 3566 discipulus
732 3491 792 3563 fuit,
807 3491 837 3549 id
851 3489 932 3567 quod
945 3493 1007 3566 ipse
1020 3499 1140 3550 testatur
1153 3490 1213 3548 Art.
1224 3490 1242 3547 i.
1254 3493 1281 3549 8.
1296 3509 1327 3565 p.
1337 3509 1354 3562 4
1358 3491 1395 3565 5⁶

249 3571 325 3641 Keil,
340 3580 369 3630 et
383 3569 482 3631 Ouidii
496 3588 571 3646 opus
584 3571 751 3631 habebatur.
796 3572 854 3632 Sed
868 3591 930 3631 non
943 3572 1049 3631 desunt
1063 3590 1138 3648 quae
1155 3572 1316 3630 innotuisse
1331 3590 1396 3630 earn

247 3651 412 3727 significent
425 3652 466 3710 eis
481 3652 530 3727 qui
544 3670 562 3709 a
575 3662 680 3727 poetae
694 3653 811 3712 saeculo
826 3672 887 3713 non
899 3653 987 3730 longe
1002 3655 1128 3712 aberant.
1157 3651 1245 3712 Velut
1260 3652 1396 3729 Hyginus

248 3752 285 3790 ex
301 3732 390 3792 ibidis
404 3751 432 3791 u.
449 3750 507 3807 304
528 3732 641 3792 uidetur
660 3736 818 3810 sumpsisse
836 3736 891 3795 ista
905 3735 1050 3809 Fab.·123
1068 3733 1158 3794 Curiis
1177 3754 1238 3793 ossa
1252 3743 1308 3808 per
1322 3733 1397 3808 fines

248 3813 418 3871 Ambraciae
430 3824 531 3889 sparsa
550 3822 623 3885 sunt,
637 3824 759 3890 quaeest
773 3819 803 3874 in
817 3815 909 3892 Epiri
919 3816 1083 3892 regionibus,
1097 3814 1176 3873 unde
1196 3817 1284 3873 uerba
1298 3814 1398 3875 Ouidii

249 3894 287 3954 ad
305 3892 535 3971 Neoptolemum
553 3895 704 3958 referenda
720 3917 784 3957 esse
804 3906 924 3957 constat.
970 3897 1081 3955 Rursus
1098 3897 1169 3955 Fab.
1189 3908 1245 3969 247
1267 3915 1342 3973 quae
1360 3896 1397 3954 de

248 3973 362 4035 Thasio
383 3977 503 4036 canibus
517 3977 667 4038 interfecto
687 3980 770 4038 tradit
785 3978 922 4055 Hyginus
942 3997 979 4037 ex
994 3979 1038 4036 lb.
1055 3983 1113 4054 478
1133 3978 1257 4036 mutuari
1276 3987 1397 4054 poterat.

249 4056 309 4116 Sed
323 4057 353 4115 in
372 4057 538 4117 uniuersum
557 4068 637 4118 tanta
650 4061 724 4119 inter
738 4060 892 4136 Hyginum
906 4069 935 4118 et
950 4060 1015 4118 Ibin
1034 4078 1068 4118 ac
1083 4058 1339 4134 Metamorphoses
1353 4059 1397 4115 in·

248 4138 370 4197 tercedit
384 4139 529 4214 cognati0,
540 4151 650 4216 quanta
664 4142 736 4200 inter
749 4142 860 4201 amicos
870 4141 963 4200 lutura
977 4151 1037 4200 erat
1042 4160 1050 4213 ς
1071 4141 1399 4219 namfarniliareisineus

248 4219 296 4279 bic
310 4221 382 4296 fuit
403 4219 506 4279 Ouidio
525 4228 616 4295 poetae
639 4221 730 4300 (Suet.
755 4222 886 4282 Gramm.
912 4223 974 4298 κο),
996 4231 1025 4280 et
1049 4223 1168 4281 easdem
1189 4240 1235 4280 res
1257 4222 1397 4280 tractauit

248 4299 338 4360 Vnde
361 4301 391 4361 in
416 4299 644 4376 Commentario
668 4304 802 4382 quotiens
825 4304 913 4376 licuit,
939 4302 1038 4363 Ouidii
1052 4304 1142 4363 uerba
1165 4321 1202 4362 ex
1223 4302 1399 4379 Hyginianis

633 4469 648 4504 *
664 4467 746 4515 Renan
757 4465 916 4517 L’Autechrist
927 4476 1014 4530 p.170.
