3038 5010
703 409 748 470 IN
770 406 866 471 IBIN.
1278 416 1316 475 77

763 565 915 624 intromitti
928 566 1029 639 iussit3
1051 575 1079 626 et
1092 567 1166 628 iuste
1180 578 1319 646 expertus

764 657 809 706 est
823 647 904 723 quod
918 649 945 706 ei
959 650 1139 708 monstrauit.
1161 650 1230 709 Ast.
1245 658 1272 709 et
1283 651 1316 711 C.

210 751 279 809 439.
300 729 414 808 thne
437 729 535 790 ferox
558 728 722 789 Phalaris.
804 728 892 808 Idem,
924 746 1042 805 quoque
1081 730 1210 790 Phalaris
1247 751 1318 791 snos

167 813 253 878 Idem
275 815 404 872 Phalaris
426 813 505 871 ciues
526 829 597 871 suos
618 809 723 869 eodem
764 809 844 869 ciues
854 809 959 869 eodem
971 811 1063 870 modo
1074 811 1201 887 affligere
1212 814 1318 872 uolens

167 905 251 954 tauro
288 897 392 955 intimo
429 895 602 970 torquebat:
643 890 725 968 quod
765 891 843 950 idem
863 909 967 967 passus
983 901 1027 951 est
1045 910 1064 950 a
1082 894 1193 952 ciuibus
1208 895 1268 953 suis
1289 905 1318 954 et

167 987 271 1054 postea
285 978 322 1035 ab
336 978 379 1035 eis
392 992 496 1052 passus
511 983 562 1033 est.
607 972 645 1033 G.
764 972 827 1112 hio}
843 971 877 1111 d2
890 972 1006 1114 {tque
1030 973 1128 1033 ferox
1149 974 1317 1035 Phalaris.

795 1072 863 1110 s.e
918 1097 925 1111 .

210 1157 278 1211 441.
299 1138 457 1215 Dumque
481 1134 592 1195 redire
615 1134 722 1195 uoles.
804 1134 913 1193 Medea
927 1135 1036 1194 Peliam
1051 1135 1170 1196 Admeti
1185 1155 1318 1198 socerum

169 1219 277 1279 Medea
290 1220 399 1278 Peliam
413 1236 523 1294 regem,
536 1217 652 1276 fratrem
663 1215 722 1274 Ae·
747 1215 888 1276 Aesonis
914 1218 1004 1293 patris
1030 1217 1145 1277 Iasonis
1172 1215 1317 1300 [fratrem]

168 1302 259 1372 sonis,
280 1301 370 1378 patris
391 1299 513 1371 Iasonis,
536 1299 655 1357 Admeti
676 1315 722 1357 so·
764 1297 1078 1358 filiabusiuuenescere
1092 1309 1177 1376 pacta
1196 1303 1256 1361 suis
1275 1302 1319 1378 ip-

169 1401 276 1454 cerum,
305 1383 418 1440 filiabus
445 1381 506 1440 suis
533 1389 619 1456 pacta
646 1380 724 1438 reui·
763 1397 828 1438 sum
854 1380 893 1438 ab
920 1380 963 1438 eis
987 1379 1056 1440 lecit
1077 1382 1207 1441 interfici.
1248 1384 1319 1450 Ask,

168 1465 280 1525 uiscere
294 1462 444 1521 interfecit.
488 1461 525 1521 G.
763 1465 791 1521 et
805 1459 839 1520 C.

211 1563 278 1619 443,
301 1544 370 1603 Aut
404 1561 513 1619 eques.
542 1543 577 1599 in
610 1541 725 1600 medii.
805 1541 1001 1619 Amphiaraus
1030 1552 1130 1602 eontra
1158 1544 1320 1604 Thebanos

170 1624 267 1685 Notus
281 1635 325 1685 est
339 1643 424 1684 casus
437 1623 619 1700 Amphiarai.
664 1622 701 1683 G.
765 1631 946 1701 pugnatums
966 1624 1051 1683 uiuus
1068 1626 1097 1682 in
1112 1625 1256 1684 infernum
1276 1628 1320 1685 in-

723 1731 726 1736 ·
767 1705 836 1764 cidit
846 1715 878 1762 ut
889 1705 916 1764 d.
928 1704 1144 1783 Statiustheb.
1163 1706 1320 1784 wasta).

767 1785 862 1862 Supra
901 1787 938 1844 de
978 1786 1146 1847 infidelitate
1187 1791 1321 1866 coniugis

767 1885 846 1938 suae,
861 1868 939 1926 n'nnc
954 1868 990 1927 de
1004 1868 1079 1944 ipso.
1123 1869 1158 1929 C.

213 1963 281 2023 445.
304 1949 415 2026 Atque
440 1950 570 2009 utinam
595 1966 725 2026 pereas.
809 1948 940 2008 Cadmus
958 1950 1061 2009 dentes
1076 1950 1219 2026 serpentis
1234 1952 1323 2010 semi-

171 2031 282 2090 Fabula
297 2033 333 2091 de
348 2031 471 2090 Cadmo.
517 2031 557 2091 G.
767 2030 857 2101 nouit,
872 2049 908 2088 ex
923 2029 1028 2106 quibus
1049 2032 1109 2090 nati
1129 2042 1197 2091 sunt
1215 2033 1321 2092 milites

768 2112 878 2182 armati,
888 2113 938 2189 qui
952 2113 1048 2170 statim
1063 2131 1095 2172 se
1108 2113 1321 2175 interfecerunt.

767 2192 891 2253 Ouidius
913 2193 1020 2252 Meta⁰⁸
1040 2194 1114 2254 libro
1135 2195 1220 2254 tertio
1241 2196 1321 2259 iuxta

766 2275 950 2351 principium.
993 2274 1027 2335 C.

213 2370 281 2432 447.
302 2355 344 2415 Et
365 2374 450 2434 quae
471 2354 660 2415 Penthides
682 2354 725 2413 se·
809 2355 986 2416 *Panciades
1007 2357 1082 2416 iilius
1103 2357 1227 2421 †Abaeii
1250 2375 1321 2434 poe-

171 2440 226 2497 cit.
270 2438 426 2497 *Pentides
446 2450 475 2496 et
489 2439 651 2514 Hipponax
670 2437 725 2495 ira·
766 2446 813 2496 tae
833 2437 1052 2514 Hipponactem
1076 2438 1193 2497 fratrem
1217 2439 1321 2498 Medu-

93 2573 96 2578 .
172 2530 214 2579 ter
229 2519 399 2579 Medusae*
446 2519 483 2579 G.
767 2537 818 2578 sae
845 2520 993 2578 inimicum
1025 2537 1110 2579 suum
1144 2521 1263 2579 deuouit
1290 2521 1321 2578 in

214 2599 390 2660 *Penthides
410 2611 500 2677 poeta
519 2602 593 2660 filius
609 2601 726 2675 †Abagi
766 2610 879 2658 tantum
900 2602 981 2676 quod
1002 2620 1033 2660 se
1056 2602 1205 2678 suspendit
1228 2610 1260 2662 ut
1282 2601 1322 2660 ait

171 2681 337 2746 uel†Ebalii
348 2682 427 2758 figuli
437 2682 658 2760 Hipponactem
669 2682 726 2741 ira·
766 2682 976 2745 †Bauciades.*
1022 2682 1050 2743 C
1061 2683 1174 2742 etAsk..

170 2773 244 2822 trem
279 2762 424 2821 Medusae
457 2782 511 2840 per
549 2765 725 2823 inuectiuam

171 2853 284 2902 tantum
312 2843 404 2915 laesit,
431 2845 512 2920 quod
540 2845 604 2921 ipse
630 2846 726 2905 laesus

173 2944 204 2984 se
219 2944 288 3002 prae
304 2924 403 2983 dolore
418 2925 594 3002 suspendit*
625 2925 726 2986 Mure.

213 3007 260 3066 De
288 3005 468 3066 Callimacho
496 3006 542 3065 his
569 3020 706 3085 quattuor
732 3008 864 3067 uersibus
892 3018 980 3084 poeta
1008 3007 1130 3068 Cireneo
1158 3008 1236 3069 Batti
1262 3008 1322 3067 filio

171 3086 309 3164 loquitur,
322 3088 373 3162 qui
394 3088 508 3164 scripsit
528 3090 559 3146 in
574 3090 765 3165 Apollonium
781 3088 931 3148 Rhodium
952 3089 1030 3148 Sillei
1050 3090 1097 3149 uel
1118 3100 1150 3150 ut
1170 3092 1218 3149 alii
1231 3088 1323 3149 Hillei

172 3169 274 3240 filium,
299 3169 348 3245 qui
375 3185 491 3228 sorores
515 3170 616 3229 habuit
643 3170 799 3230 Medusam
827 3180 857 3228 et
880 3172 943 3248 Arg
940 3171 1067 3248 yroelen
1097 3173 1323 3249 composuitque

173 3250 378 3325 Argonautica.
423 3250 490 3309 Cod.
506 3254 543 3326 36
560 3251 877 3312 Summarz'z'Patom'm'.

215 3349 283 3406 449.
305 3330 347 3388 Et
367 3331 493 3407 quibus
514 3334 648 3408 exiguo.
695 3333 741 3393 Sis
760 3352 797 3393 ex
817 3333 871 3392 illis
889 3332 1056 3393 uolucribus
1070 3351 1145 3411 quae
1159 3351 1190 3393 se
1204 3332 1324 3392 inferius

173 3422 245 3489 pota
258 3430 334 3488 aqua
347 3421 483 3488 purgant.
528 3412 565 3473 G.

210 3543 271 3590 439.
291 3526 413 3580 AddirC
457 3525 497 3578 sic
515 3525 606 3580 falaris
623 3525 688 3580 licet
712 3543 762 3581 rex
787 3527 922 3582 indictum
945 3526 1047 3582 bouem
1072 3527 1173 3581 missus
1188 3532 1231 3580 est
1252 3525 1324 3594 ligna

174 3597 248 3665 prius
260 3601 337 3648 secta
349 3602 378 3649 et
391 3597 449 3663 ipso
462 3596 563 3651 thauro
574 3598 744 3653 combustus.

93 3667 100 3680 “
211 3685 271 3731 441.
290 3666 419 3721 estiuisC
486 3667 601 3722 fratrem
615 3687 664 3723 om.
678 3670 744 3723 Ask.
814 3667 933 3722 interfici
945 3669 1034 3736 ipsum
1046 3670 1081 3722 ab
1093 3670 1132 3724 eis
1144 3669 1229 3723 foecit
1242 3669 1271 3723 G.

211 3755 272 3802 443.
290 3737 441 3805 amphiorai
455 3739 487 3792 G.

210 3824 271 3873 445.
291 3807 408 3861 metha⁰⁵
421 3810 450 3861 C.

211 3894 273 3943 447.
291 3878 421 3932 Historiae
422 3879 545 3946 ficticiae.
611 3883 745 3948 yponatte
758 3881 843 3934 Mure.
906 3878 1153 3935 PenthiadesAst.
1217 3879 1324 3934 abareti

176 3949 241 4000 Ask.
313 3948 383 4000 abali
396 3949 467 4003 Sal.
544 3949 714 4018 hyponatum
727 3954 793 4006 Ask.
871 3950 917 4018 ipo
930 3952 1050 4005 nanteC
1120 3951 1246 4005 medulae
1259 3952 1325 4004 Ask.

177 4017 310 4072 Medusae
321 4018 366 4071 uel
379 4019 507 4073 Melissae
520 4021 592 4074 Solu.
651 4019 813 4090 Bauciades]
827 4041 888 4075 num
901 4021 1059 4076 Battiades?
1090 4023 1181 4075 Etiam
1194 4025 1324 4076 uitiosiora
1409 4048 1414 4058 ·

175 4101 235 4146 sunt
251 4107 317 4157 quae
334 4090 363 4142 de
381 4093 470 4144 Perseo
487 4102 512 4144 et
530 4091 639 4144 Medusa
656 4092 747 4145 addita
764 4104 823 4146 sunt
840 4095 868 4145 in
887 4093 915 4157 G,
928 4111 992 4159 quae
1010 4102 1133 4160 tanquam
1149 4095 1234 4162 inepta
1252 4095 1326 4145 omisi

175 4166 256 4226 poeta
268 4159 358 4227 inquit
371 4160 473 4214 Cirneo
486 4166 584 4215 Patau.
664 4162 745 4215 Psilei
756 4167 807 4216 Pa.
887 4163 949 4230 pilei
962 4165 1012 4217 Pa.
1091 4163 1261 4228 Argiroelam
1273 4166 1324 4216 Pa.

175 4231 217 4283 De
230 4233 274 4283 hoc
286 4232 391 4283 disticho
403 4231 508 4285 obscura
521 4234 614 4298 omnia,
627 4243 750 4300 quantum
760 4245 808 4301 per
820 4234 988 4287 Scholiastas.
1028 4234 1094 4286 Sane
1105 4235 1241 4302 Hipponax
1247 4233 1324 4300 filius

174 4312 233 4354 erat
245 4302 335 4365 Pythei
348 4300 413 4370 (virle
422 4301 525 4369 Πύθεω)
540 4312 600 4356 teste
612 4305 697 4368 Suida,
709 4314 734 4357 et
743 4303 872 4372 Bupalum
885 4313 961 4371 atque
972 4304 1094 4356 Athenim
1103 4304 1240 4373 sculptores
1251 4303 1325 4355 Chios

175 4374 219 4438 qui
234 4373 373 4439 imaginem
390 4373 442 4424 eius
460 4370 568 4426 lasciuia
586 4375 696 4427 iocorum
712 4386 859 4443 proposuere
876 4375 1012 4427 ridentium
1030 4374 1131 4426 circulis
1152 4373 1326 4425 amaritudine

177 4443 375 4565 {irminwffl
387 4441 503 4510 laqueum
516 4444 625 4514 conpulit
638 4444 719 4514 (Plio.
731 4443 862 4499 XXXVI.
878 4442 932 4512 12),
945 4444 1009 4497 unde
1020 4443 1124 4510 conficta
1136 4444 1252 4496 uidentur
1263 4461 1325 4510 quae

209 4531 255 4566 ure
265 4531 298 4565 ex
341 4523 387 4565 uit.
