3038 5010
236 423 276 463 xx
644 405 971 466 PROLEGOMENA.

235 567 402 626 etiamnunc
422 584 574 642 superesse
595 567 766 640 creduntur;
788 567 867 626 unde
883 566 1007 627 Ouidius
1028 567 1078 642 qui
1098 566 1130 624 in
1146 566 1229 625 Ibide
1246 567 1385 642 plurimas

234 648 400 707 huiusmodi
427 649 560 707 historias
587 646 652 728 (57)
677 649 853 725 conquisiuit
880 649 1030 707 immicum
1059 648 1178 706 ‘fabulis
1204 648 1273 718 suis,
1301 648 1385 724 quasi
1466 720 1470 725 Ι

235 730 358 805 propriis
372 728 476 800 armis,'
490 730 669 804 iugulaturus
683 731 787 789 merito
805 729 865 788 fuit.
908 726 953 807 (3)
975 729 1388 805 quodfomiloorzisimusfuit
1475 741 1480 752 ⁴

237 809 339 868 Ouidio
353 817 466 885 poetae:
489 810 550 870 Ibis
571 820 667 869 autem
688 821 838 886 tamquam
856 812 926 868 male
939 810 1020 884 fidus
1036 809 1100 888 (85)
1115 821 1144 868 et
1159 810 1285 885 perfidus
1298 807 1384 888 (130)

234 892 370 966 arguitur,
393 892 552 968 diciturque
567 894 695 968 gratiam
718 910 785 951 cum
807 891 916 950 Ouidio
937 894 1088 950 commissis
1108 893 1169 948 suoi
1189 893 1295 966 rupisse
1308 889 1384 968 (40),

234 972 314 1031 unde
328 973 415 1031 etiam
429 973 507 1031 nulla
521 974 559 1031 ad
574 973 727 1050 Hyginum
742 974 903 1031 nominatim
919 974 1024 1048 scripta
1043 982 1120 1031 extet
1139 973 1261 1049 epistula
1280 991 1335 1031 nec
1354 973 1385 1029 in

234 1053 380 1112 Tristibus
401 1072 456 1112 nec
477 1054 508 1111 in
529 1055 607 1112 libris
625 1054 661 1113 de
676 1054 779 1112 Pont0.
825 1051 870 1132 (4)
885 1054 966 1130 quod
987 1055 1131 1111 admodum
1146 1063 1256 1128 pauper
1277 1055 1388 1110 decessit

234 1134 381 1211 Hyginus,
393 1135 473 1211 quod
489 1135 525 1193 de
540 1135 657 1193 inimico
673 1154 726 1193 suo
739 1134 863 1193 Ouidius
873 1134 966 1194 innuit
978 1153 1046 1209 419,
1060 1153 1118 1205 420
1130 1134 1226 1192 Filius
1236 1142 1262 1192 et
1273 1132 1386 1193 Cereris

223 1217 349 1295 frustra
363 1217 417 1273 tibi
426 1227 528 1292 semper
541 1223 648 1274 ametur
660 1215 852 1291 Destituatque
868 1223 932 1273 tuas
953 1235 1035 1290 usque
1049 1218 1154 1290 petitus
1168 1226 1234 1290 opes,
1250 1225 1278 1274 et
1292 1214 1385 1292 (quod

235 1296 314 1355 addit
335 1295 506 1373 Merkelius)
524 1301 583 1371 580
596 1297 708 1355 Perdat
725 1298 756 1355 od
776 1299 898 1373 exiguos
918 1303 942 1354 te
962 1304 1026 1354 tuus
1047 1296 1140 1372 hospes
1160 1306 1227 1370 opes.
1270 1296 1385 1370 Quibus

235 1378 322 1436 etiam
337 1377 407 1436 illud
421 1378 607 1437 adiciendum
621 1389 689 1448 erat,
705 1378 784 1454 quod
799 1380 829 1435 in
844 1377 955 1452 Hygini
969 1378 1087 1435 Fabulis
1107 1395 1182 1436 unus
1204 1387 1281 1436 certe
1303 1378 1385 1436 locus

234 1469 278 1518 est
300 1476 387 1535 quem
408 1477 445 1517 ex
466 1459 549 1519 Ibide
571 1461 725 1537 sumpserit
747 1459 832 1518 cxxiii
853 1461 931 1516 cuius
953 1458 1144 1537 (Neoptolemo)
1166 1478 1227 1516 ossa
1242 1469 1296 1534 per
1309 1458 1385 1534 fines

233 1539 404 1599 Ambraciae
422 1551 523 1615 sparsa
543 1547 615 1614 sunt,
631 1541 667 1600 cf.
682 1541 724 1598 lb.
742 1560 800 1615 304
817 1539 926 1615 Sparsa
944 1550 995 1614 per
1008 1540 1178 1598 Ambracias
1191 1560 1259 1615 quae
1276 1541 1386 1597 tacuero

234 1623 298 1679 uras
320 1619 473 1699 (Schmidt.
497 1622 577 1698 Hyg.
607 1643 635 1699 p.
657 1619 738 1700 xxxi)
749 1642 758 1694 3
789 1622 844 1680 nisi
869 1622 916 1680 cui
940 1621 1013 1680 forte
1038 1630 1067 1679 et
1091 1621 1149 1678 hoc
1174 1632 1203 1680 et
1227 1621 1282 1679 alia
1305 1620 1385 1679 uelut

233 1702 385 1761 historiam
413 1703 449 1762 de
472 1703 575 1762 Thaso
603 1701 729 1782 (ccxlvii)
758 1702 882 1762 Ouidius
907 1703 1004 1778 potius
1029 1704 1066 1761 ab
1090 1701 1211 1778 Hygino
1236 1711 1385 1760 mutuatus

234 1783 327 1842 uideri
346 1793 451 1860 potest.
495 1783 554 1843 Sed
572 1785 670 1843 sanius
690 1785 727 1843 de
745 1803 777 1842 re
796 1783 905 1842 difficili
923 1782 1011 1842 credo
1030 1783 1189 1841 ludicatum
1209 1781 1245 1840 iri
1265 1785 1289 1841 si
1310 1800 1385 1859 quae

235 1864 272 1923 de
289 1864 372 1924 Ibide
391 1865 563 1939 significauit
578 1865 701 1924 Ouidius
720 1865 820 1923 omnia
839 1866 922 1940 quasi
941 1883 1001 1922 uno
1022 1874 1185 1940 conspectu
1203 1864 1295 1923 oculis
1316 1864 1385 1923 sub-

235 1946 339 2004 iecero.
383 1945 467 2018 Quae
482 1946 567 2022 igitur
581 1946 652 2004 dixit
666 1948 696 2003 in
711 1945 838 2004 carmine
853 1957 920 2004 sunt
934 1946 1014 2004 haec.

280 2044 305 2083 1.
327 2025 364 2083 ln
380 2025 479 2085 Africa
500 2037 585 2085 natus
606 2036 659 2097 cst,
677 2035 768 2085 matre
789 2026 917 2101 ignobili,
932 2037 961 2085 et
981 2038 1013 2085 ut
1032 2025 1146 2084 uidetur
1160 2025 1240 2084 Afra.
1284 2044 1383 2097 aar,z

238 2105 298 2177 Oui
315 2108 403 2165 simut
421 2109 539 2182 impurae
558 2110 660 2165 motrz's
676 2109 824 2183 prolapsus
844 2108 879 2164 ab
900 2109 964 2164 aluo
988 2107 1154 2181 Cinyphiam
1168 2107 1255 2184 fhedo
1275 2117 1387 2182 corpore

228 2189 337 2263 pressit
347 2189 469 2248 humum.
504 2188 616 2247 Habuit
630 2189 818 2266 propinquos,
834 2187 955 2247 fortasse
969 2207 1092 2248 uxorem
1106 2198 1135 2247 et
1149 2188 1263 2261 liberos,
1274 2191 1312 2262 56
1321 2187 1387 2247 Hoc

234 2287 282 2346 ego
295 2271 412 2345 dououeq
421 2276 494 2344 teque
507 2281 653 2346 tuosque
667 2272 750 2329 modo.

279 2370 305 2409 2.
337 2350 417 2410 Vsus
437 2361 497 2410 erat
518 2352 642 2410 amicitia
665 2351 772 2424 Ouidii,
795 2369 920 2428 eumque
942 2360 1098 2427 postquam
1126 2350 1193 2408 exul
1220 2349 1313 2409 factus
1341 2360 1386 2408 est

235 2431 403 2508 prodiderat
419 2450 453 2490 ac
471 2432 613 2491 iacentem
628 2430 693 2512 (29)
708 2433 882 2504 calcauerat3
907 2436 945 2506 85
970 2431 1108 2490 Carmina
1129 2433 1192 2490 dum
1214 2433 1302 2505 copiti
1316 2432 1386 2488 male

233 2513 290 2586 fido
303 2514 370 2570 dira
384 2519 522 2572 canuntur
537 2513 580 2572 Et
585 2520 729 2591 peragunt
737 2521 831 2590 portes
845 2516 892 2571 ira
906 2514 1032 2588 dolorque
1045 2533 1118 2571 suas.
1162 2512 1207 2571 cf.
1223 2531 1263 2585 40
1280 2511 1386 2571 Gratia

236 2595 395 2666 cmumrisis,
410 2594 537 2670 r'mprobe,
548 2601 631 2669 rupta
645 2597 708 2667 tues,
728 2615 784 2670 130
795 2595 904 2671 perfide.
949 2594 987 2653 Et
1000 2595 1057 2653 hoc
1072 2604 1115 2652 est
1130 2593 1209 2670 quod
1223 2601 1284 2651 tam
1299 2610 1386 2651 saeue

236 2675 403 2751 indignetur
416 2682 521 2751 poeta:
548 2677 597 2734 uix
611 2677 689 2734 enim
711 2678 766 2736 nisi
787 2678 817 2734 in
838 2676 965 2734 amicum
982 2675 1126 2751 perfidum
1147 2675 1304 2751 scripturus
1325 2683 1386 2733 erat

236 2757 425 2815 Inexorabilia
438 2758 493 2816 Ista
510 2770 648 2831 107-140
665 2756 757 2815 Terra
778 2759 952 2833 tibifruges,
967 2758 1058 2815 omnis
1072 2756 1127 2814 tibi
1138 2757 1245 2832 deneget
1256 2756 1387 2813 undas-

237 2835 332 2895 Saeuo
345 2839 436 2896 sedin
449 2841 541 2897 manos
558 2839 685 2896 manebus
703 2858 784 2897 orma
802 2838 878 2896 dodo.
920 2838 1003 2896 Idem
1023 2838 1146 2897 innuunt
1164 2856 1210 2911 19,
1227 2856 1264 2894 20
1279 2836 1322 2894 Et
1338 2838 1391 2910 qui
1489 2865 1492 2872 ·

237 2918 367 2977 debuerat
383 2921 489 2978 subitos
508 2921 672 2994 extinguere
683 2920 826 2996 flammas,
841 2919 902 2977 Hie
912 2920 1048 2994 praedam
1065 2920 1150 2976 medio
1164 2924 1261 2993 raptor
1274 2918 1310 2976 ab
1323 2919 1386 2994 igin

232 3002 306 3073 petit,
322 3000 351 3058 h.
360 3019 386 3059 e.
397 3001 447 3076 qui
461 3001 586 3060 subitam
600 3001 713 3060 ruinam
728 3002 866 3061 debuerat
880 3010 998 3076 propter
1012 2999 1232 3058 familiaritatem
1247 3008 1385 3068 auertere,

236 3080 307 3141 lucri
322 3083 508 3142 occasionem
522 3100 559 3141 ex
573 3101 608 3140 ea
623 3084 741 3159 quaerit,
756 3092 907 3158 tamquam
922 3081 1145 3140 inimicIssimus.

279 3182 306 3237 3.
328 3162 428 3223 Exulis
442 3162 542 3223 Ouidii
555 3163 704 3222 infamIam
718 3165 777 3222 iam
797 3164 1032 3239 refrigescentem
1048 3162 1198 3220 suscitarat
1215 3179 1252 3219 ex
1271 3161 1385 3236 integro

236 3243 341 3303 habitis
356 3245 539 3305 sermonibus
553 3245 583 3302 in
597 3245 660 3304 foro
675 3255 704 3303 et
718 3246 795 3323 apud
815 3244 965 3321 populum,
985 3262 1081 3314 11-14
1096 3241 1151 3300 Ille
1171 3243 1321 3316 relegatum
1337 3260 1385 3317 ge-

236 3325 305 3382 lidos
325 3326 474 3402 Aquilonis
496 3329 536 3385 od
556 3333 633 3384 ortus
654 3326 722 3385 Non
745 3329 816 3385 sinit
833 3326 922 3384 exe‘lm
943 3326 1079 3382 dolz'tmsse
1100 3342 1162 3382 meo.
1216 3323 1386 3396 Vulneraque

237 3406 343 3464 inmotos
355 3409 475 3481 requiem
488 3410 646 3483 quaerentr'a
660 3414 754 3479 uexat,
769 3407 865 3465 Iactat
883 3412 909 3463 et
928 3407 958 3462 in
978 3411 1029 3463 toto
1050 3407 1161 3463 montona
1183 3411 1279 3462 nostra
1287 3405 1384 3482 soro,-

237 3485 333 3544 eidem
347 3487 490 3563 relliquias
505 3487 638 3546 fortunae
652 3488 780 3546 adimere
794 3506 832 3545 ne
848 3505 937 3544 senex
955 3486 1073 3544 haberet
1092 3503 1151 3562 quo
1171 3493 1385 3555 sustentaretur,

238 3583 296 3624 neu
310 3567 418 3626 coniux
433 3568 549 3626 exilium
563 3576 676 3626 tantum
690 3569 752 3640 uiri,
767 3568 819 3627 sed
837 3586 890 3626 sua
909 3567 997 3625 etiam
1016 3567 1093 3624 mala
1112 3567 1246 3642 ploraret,
1262 3574 1385 3624 conatus

238 3655 291 3717 est,
309 3661 343 3720 15
358 3647 541 3723 Perpetuoque
555 3650 628 3706 mitri
639 3650 885 3724 socratamfoedero
902 3648 964 3704 lecti
974 3647 1042 3706 Non
1051 3650 1162 3723 patitur
1173 3648 1272 3705 miseri
1272 3648 1387 3724 funera

228 3727 302 3803 flere
314 3729 384 3800 ur‘rr,
401 3747 436 3786 21
450 3727 565 3788 Nititur
579 3737 611 3788 ut
618 3731 757 3808 profugae
770 3730 857 3788 desint
870 3729 1001 3787 alimenta
1014 3735 1138 3788 senectae.

280 3827 307 3881 4.
330 3808 415 3868 Haec
435 3811 535 3869 omnia
554 3809 661 3869 fecerat
682 3811 757 3869 adeo
777 3810 930 3870 crudeliter
949 3828 983 3868 ac
1004 3809 1130 3868 uiolente
1153 3829 1189 3883 29
1204 3809 1248 3867 At
1263 3809 1317 3867 tibi
1329 3809 1385 3866 col-

237 3892 310 3949 casti
319 3892 371 3966 qui
380 3909 429 3961 me,
444 3892 563 3962 uiolento,
579 3893 714 3964 rorantem,
726 3902 757 3951 ut
771 3893 866 3969 ipsam
880 3892 970 3950 uitam
983 3900 1085 3967 poetae
1100 3890 1217 3967 petiisse
1231 3889 1386 3960 uideretur,

241 3989 295 4045 131
312 3973 385 4030 hanc
397 3973 520 4030 animam
533 3974 648 4032 nimium
662 3973 717 4031 tibi
725 3985 801 4049 saepe
809 3974 932 4049 petitam.

279 4067 305 4126 5.
327 4051 461 4128 Linguae
482 4054 604 4113 acerbae
625 4054 677 4114 fuit
694 4065 722 4114 et
743 4055 884 4126 rabiosae,
902 4053 980 4112 unde
1002 4053 1139 4111 caninum
1160 4052 1277 4111 dentem
1298 4061 1386 4128 poeta

238 4133 362 4209 imputat
381 4142 531 4209 tamquam
551 4134 781 4194 mordacissimo.
827 4153 964 4210 aeq-232
984 4132 1159 4209 Gutturaque
1178 4133 1326 4191 imbuerant
1343 4134 1386 4190 in-

226 4215 331 4293 fantia
353 4215 420 4272 laete
441 4217 562 4284 contum·
591 4216 651 4275 Ηίε
671 4218 782 4291 primus
802 4218 886 4291 pueri
906 4217 982 4273 uenit
1003 4218 1033 4273 in
1057 4235 1107 4273 ora
1131 4214 1213 4272 cidus.
1256 4212 1388 4272 Perdidit

237 4295 301 4354 ende
313 4314 379 4354 suae
392 4295 496 4354 rabiem
509 4299 627 4355 nutricis
640 4298 776 4368 alumnus,
791 4297 900 4356 Latrat
911 4304 936 4354 et
948 4298 979 4354 e'n
993 4303 1044 4354 toto
1058 4297 1141 4354 uerba
1157 4297 1259 4352 canona
1261 4296 1342 4373 foro.

280 4380 307 4436 6.
332 4376 454 4435 Videtur
474 4386 561 4436 notus
582 4378 669 4437 fuisse
692 4378 822 4438 Romae:
853 4379 902 4437 uix
923 4380 1001 4437 enirn
1023 4376 1158 4436 credibile
1182 4386 1226 4434 est
1250 4376 1385 4451 ignotum

237 4457 388 4519 hominem
397 4457 512 4535 publico
529 4459 631 4518 damna
642 4460 742 4518 uocari
757 4458 841 4537 (224)
857 4479 911 4519 nec
926 4459 1019 4535 ignoti
1033 4458 1159 4517 natalem
1174 4456 1253 4516 diem
1263 4455 1389 4514 Attiani
