3038 5010
584 410 833 470 PRAEFATIO.
1244 431 1281 470 xv

129 572 224 647 ipsum
245 587 352 645 poema
373 568 438 644 plus
458 567 548 626 semel
566 568 730 643 legentibus
750 567 969 650 commendauit
989 568 1049 626 siue
1071 568 1110 626 ob
1130 568 1279 645 ingenium

130 682 190 740 quo
203 663 387 740 proferuntur
399 663 573 738 aenigmata,
585 662 646 720 siue
661 662 741 739 quod
756 662 930 720 obscuritate
945 680 997 720 sua
1009 662 1091 737 quasi
1106 661 1280 737 palaestram

130 755 276 833 quandam
292 755 519 831 interpretationi
533 754 679 813 exhibeat.
715 754 854 813 Lectures
864 772 905 813 on
919 754 1132 832 Ethnography
1142 755 1170 814 ii.
1182 773 1210 831 p.
1222 769 1276 831 271

130 850 163 908 ‘l
177 849 249 908 have
271 850 339 908 here
360 848 529 908 mentioned
550 847 598 907 the
619 847 688 920 Ibis,
705 866 745 908 on
767 858 893 908 account
913 847 947 907 oi
967 847 1023 907 this
1044 848 1191 909 historical
1211 848 1279 920 fact,

130 943 223 1003 which
244 944 268 1002 is
288 953 342 1002 not
364 943 414 1001 the
435 941 505 1018 only
525 960 583 1001 one
606 943 637 1000 in
660 943 724 1001 that
744 960 841 1018 poem.
883 941 898 1000 I
920 942 1109 1001 recommend
1133 943 1169 1001 its
1194 944 1280 1018 study

129 1048 160 1097 to
185 1044 243 1114 any
267 1036 381 1095 scholar
405 1035 472 1095 who
495 1035 599 1095 wishes
625 1046 656 1095 to
681 1035 822 1094 ascertain
844 1035 972 1095 whether
994 1036 1032 1095 he
1056 1037 1081 1094 is
1105 1035 1281 1113 thoroughly
1318 1046 1323 1051 ’

131 1140 304 1190 conversant
317 1130 385 1189 with
400 1129 522 1206 poetical
541 1129 712 1207 mythology
726 1129 786 1188 and
805 1130 922 1188 ancient
936 1129 1053 1206 history.
1095 1129 1163 1190 One
1181 1130 1215 1189 os
1231 1130 1280 1190 the

129 1234 207 1283 most
221 1223 340 1284 difficult
354 1224 503 1299 problems
521 1222 630 1282 initis
649 1233 681 1282 to
701 1223 819 1299 explain
837 1223 887 1282 the
906 1223 1043 1283 allusions
1053 1243 1062 1296 ;
1090 1223 1170 1283 there
1185 1224 1209 1282 is
1228 1234 1281 1282 not

130 1317 218 1377 much
240 1327 342 1394 poetry
363 1318 393 1375 in
418 1316 447 1388 it,
469 1317 521 1375 but
542 1335 560 1374 a
581 1326 663 1392 great
684 1317 749 1375 deal
771 1317 806 1375 of
823 1315 887 1376 wit!
929 1317 1068 1376 Lectures
1092 1335 1132 1377 on
1154 1317 1281 1377 Ancient

130 1411 251 1487 History
267 1411 303 1471 iii.
318 1429 347 1487 p.
359 1429 415 1485 3¹1
433 1411 500 1470 ‘To
515 1410 571 1468 this
585 1410 654 1469 time
669 1429 713 1470 we
727 1419 806 1469 must
820 1411 919 1487 assign
933 1409 981 1470 the
996 1410 1172 1469 destruction
1187 1410 1223 1470 of
1231 1411 1280 1470 the

130 1505 292 1580 sepulchral
306 1514 480 1563 monument
498 1503 533 1563 of
549 1504 597 1562 the
616 1514 698 1580 great
712 1504 847 1580 Pyrrhus,
861 1513 892 1562 to
907 1503 1001 1563 which
1019 1503 1142 1563 allusion
1156 1504 1180 1562 is
1194 1505 1280 1564 made

130 1599 160 1655 in
174 1617 192 1656 a
206 1597 308 1657 distich
323 1597 359 1656 of
367 1597 416 1657 the
430 1597 498 1669 Ibis,
512 1596 569 1656 this
582 1599 706 1656 obscure
721 1597 938 1657 Callimachean
953 1615 1043 1673 poem
1057 1597 1091 1656 of
1102 1598 1189 1657 Ouid.
1225 1598 1280 1657 Let

130 1711 246 1770 anyone
260 1692 421 1769 imagining
435 1692 496 1750 that
515 1689 552 1750 he
571 1692 766 1752 understands
785 1691 955 1769 mythology
969 1702 1014 1770 try
1027 1692 1072 1750 his
1086 1690 1166 1751 hand
1180 1701 1210 1750 at
1223 1691 1280 1750 this

130 1803 238 1861 poem,
260 1786 274 1844 Ι
289 1786 329 1844 do
343 1795 395 1845 not
409 1784 518 1844 believe
535 1786 598 1844 that
618 1787 699 1844 there
719 1786 743 1844 is
763 1803 820 1862 any
835 1804 904 1843 man
924 1787 989 1845 who
1004 1785 1217 1862 comprehends
1230 1785 1279 1845 the

131 1880 223 1940 whole
238 1879 271 1938 ol
282 1877 320 1939 it.'

172 1972 308 2050 Superest
321 1982 353 2033 ut
368 1973 404 2032 de
418 1992 466 2031 me
480 1992 575 2050 pauca
590 1974 694 2047 dicam,
710 1993 767 2051 qua
784 1975 815 2032 in
832 1992 863 2033 re
880 1975 903 2033 si
922 1973 1062 2032 molestus
1076 1973 1166 2045 fuero,
1181 1973 1279 2049 ignos-

131 2077 198 2126 cent
217 2067 266 2143 qni
286 2066 450 2143 philologis,
465 2077 497 2126 ut
516 2068 618 2143 poetis
634 2070 842 2127 obtrectatores
861 2085 929 2127 suos
949 2085 1010 2127 non
1029 2068 1130 2127 deesse
1149 2067 1280 2126 animum

131 2159 324 2219 aduerterunt.
367 2159 491 2219 Possum
512 2161 598 2237 igitur
615 2161 651 2220 de
668 2180 716 2219 me
733 2179 801 2220 uere
818 2160 953 2237 profiteri,
972 2160 1002 2218 in
1020 2160 1099 2219 nulla
1117 2169 1199 2237 parte
1216 2178 1279 2219 sus·

131 2255 207 2329 cepti
225 2254 322 2329 operis
340 2271 419 2311 noua
440 2271 502 2311 non
521 2254 668 2314 adtulisse.
711 2253 790 2312 Nam
809 2265 838 2315 et
857 2255 1008 2314 codicibus
1027 2273 1093 2314 sum
1113 2254 1279 2314 melioribus

130 2366 218 2424 quam
242 2357 310 2406 ante
335 2366 382 2406 me
406 2367 475 2406 usus
500 2349 656 2424 quisquam
678 2360 729 2421 est,
754 2358 782 2407 et
806 2347 922 2407 Scholia
945 2348 1015 2407 nulli
1040 2349 1118 2424 prius
1143 2357 1193 2406 aut
1216 2348 1279 2406 uisa

130 2450 180 2499 aut
201 2441 304 2501 saltem
324 2442 452 2517 perlecta
472 2441 600 2514 adhibui,
622 2451 651 2501 et
672 2442 709 2500 ad
732 2442 998 2518 interpretationem
1020 2441 1080 2500 siue
1101 2459 1198 2500 rerum
1218 2441 1280 2500 siue

130 2535 287 2593 uerborum
308 2552 369 2592 non
390 2553 484 2610 pauca
507 2535 544 2594 de
569 2553 638 2594 meo
660 2535 777 2606 contuli,
798 2535 954 2610 praecipue
976 2542 1013 2593 'ex
1035 2533 1230 2612 Lycophrone
1251 2543 1281 2593 et

129 2627 255 2686 Tzetzae
282 2629 313 2686 in
335 2647 403 2686 eum
425 2628 555 2700 Scholiis,
578 2647 638 2704 quo
666 2629 779 2687 nullum
807 2629 979 2705 locupletius
1004 2628 1093 2687 credo
1119 2627 1280 2687 subsidium

130 2732 226 2781 extare
241 2722 405 2781 uolentibus
420 2723 588 2782 obscuriora
602 2724 747 2799 persequi.
788 2722 834 2780 Ex
846 2721 1042 2800 Lycophrone
1056 2722 1143 2799 igitur
1156 2722 1281 2781 Phaeno-

130 2817 284 2873 damonteos
292 2817 379 2873 leones
389 2835 416 2875 u.
425 2818 462 2890 38
467 2835 483 2890 3
496 2818 620 2892 reposui,
630 2835 666 2875 ex
676 2816 837 2893 Apollonio
847 2816 965 2875 Rhodio
973 2815 1168 2891 Aphidantum
1176 2835 1203 2874 u.
1214 2829 1281 2892 327,

130 2928 167 2968 ex
182 2909 305 2986 Hygino
319 2919 347 2968 et
358 2908 514 2968 Parthenio
528 2908 652 2985 Teleique
664 2928 692 2969 ιι.
703 2929 772 2986 434,
788 2929 824 2969 ex
839 2910 974 2969 Homero
985 2910 1158 2968 Panthoides
1171 2928 1199 2971 u.
1213 2924 1281 2985 447,

131 3020 168 3060 ex
192 3000 397 3078 Etymologico
422 3001 537 3078 Magno
562 3001 756 3077 Dexionesque
783 3022 811 3062 ιι.
836 3015 905 3077 470,
932 3001 1013 3078 quod
1040 3003 1071 3060 in
1099 3002 1282 3061 Praelatione

132 3094 336 3171 Lycophronis
365 3094 519 3153 Kinkelius
547 3096 712 3155 coniecerat
740 3115 768 3172 p.
796 3097 830 3167 iv,
860 3114 896 3153 ex
925 3094 1106 3154 Callimacho
1135 3097 1166 3153 in
1193 3094 1283 3154 Isi'dzi

132 3207 160 3246 u.
177 3189 245 3246 621.
288 3188 334 3247 De
353 3188 425 3247 locis
443 3207 518 3265 quos
536 3188 710 3266 Saluagnius
730 3190 908 3265 interpretari
929 3188 1017 3247 alium
1037 3205 1124 3266 posse
1143 3198 1222 3247 ratus
1239 3198 1282 3247 est

133 3282 281 3340 nemiuem
294 3285 360 3354 287,
375 3300 444 3355 310,
455 3283 595 3355 dar-624
612 3283 742 3342 diuinare
757 3283 858 3341 saltem
873 3281 990 3357 aliquid,
1003 3282 1027 3339 si
1041 3299 1102 3340 non
1117 3281 1282 3352 decernere,

132 3374 219 3433 licuit.
264 3372 322 3433 Sed
337 3373 373 3433 de
388 3392 436 3432 me
456 3393 493 3432 ne
511 3375 594 3450 plura
614 3375 744 3447 dixerim,
760 3393 821 3435 non
840 3375 969 3434 inutilem
989 3392 1037 3433 me
1051 3392 1172 3450 operam
1186 3375 1283 3434 existi-

133 3468 222 3525 mabo
236 3467 409 3542 profudisse,
426 3468 450 3525 si
464 3467 502 3526 ad
516 3469 589 3528 haec
604 3469 697 3527 studia
712 3469 783 3527 alios
798 3468 983 3528 suscitauero.
1021 3466 1100 3526 Nam
1115 3469 1138 3526 si
1153 3469 1182 3525 in
1199 3468 1283 3527 Nuce

133 3560 521 3633 laudaturWilamowitzius,
536 3562 566 3619 in
580 3561 722 3638 Epicedio
738 3562 922 3633 Huebnerus,
938 3562 967 3619 in
982 3561 1153 3621 Halieuticis
1168 3562 1283 3633 Birtius,

134 3655 164 3710 in
182 3653 314 3730 Epistula
329 3654 464 3730 Sapphus
479 3654 695 3731 Comparettus,
709 3673 831 3732 possum
850 3655 921 3713 mihi
940 3654 986 3714 uel
1006 3656 1146 3714 maiorem
1167 3656 1283 3715 laudem

135 3746 275 3823 adrogare
292 3748 342 3822 qui
361 3746 397 3806 ad
412 3746 487 3817 Ibin,
503 3766 577 3824 opus
595 3767 656 3807 non
673 3749 737 3807 leue
751 3759 780 3808 et
794 3749 823 3807 in
838 3766 898 3824 quo
912 3749 1040 3807 maxima
1054 3749 1171 3824 ingenia
1184 3749 1284 3808 elabo-

135 3840 233 3909 rarint,
246 3839 413 3916 philologos
429 3841 533 3899 iterum
550 3843 756 3901 reuocauerim.
800 3841 868 3914 Quo
883 3851 914 3900 ut
931 3841 1077 3917 adspirare
1097 3859 1159 3901 non
1173 3860 1283 3913 uereor,

136 3934 178 3992 sic
192 3934 316 3992 uerebor
330 3952 367 3992 ne
382 3933 544 4008 legentibus
559 3952 625 3992 mea
638 3936 701 4012 ipse
715 3935 833 3994 inferior
848 3953 899 4011 spe
914 3934 1047 3994 euadam.

176 4025 318 4101 Agendae
333 4024 459 4102 denique
479 4038 575 4103 grates
592 4038 659 4086 sunt
677 4029 718 4087 eis
736 4029 786 4105 qui
804 4029 834 4085 in
854 4029 911 4087 hoc
928 4045 1017 4104 opere
1036 4047 1083 4086 me
1102 4028 1282 4087 adiuuerunt.

136 4119 273 4195 Inprimis
287 4119 378 4177 sorori
396 4137 479 4178 meae
497 4121 606 4192 maiori,
621 4139 696 4197 quae
711 4122 867 4180 uerborum
881 4121 1012 4179 Indicem
1026 4121 1283 4197 locupletissimum

137 4319 191 4373 post
215 4313 306 4359 obitum
331 4328 443 4377 spargere,
466 4330 523 4375 quos
547 4316 612 4361 uiuos
636 4314 784 4364 uehementer
806 4315 914 4362 odissent.
959 4313 994 4361 Sic
1019 4317 1097 4379 magni
1123 4315 1182 4361 illius
1204 4315 1283 4376 Pyrrhi

137 4376 244 4504 :lifieacgqe
266 4378 382 4438 reliquiae,
405 4387 430 4425 ut
453 4388 476 4427 et
498 4379 598 4426 historici
622 4388 735 4428 testantur
758 4388 782 4427 et
804 4381 900 4426 Ouidius
923 4380 946 4426 in
969 4380 1035 4428 Ibin!
1075 4381 1133 4426 Vide
1156 4381 1283 4426 Desselinm
