3038 5010
572 389 896 452 PROLEGOMENA.
1248 383 1306 447 lxiii

157 572 243 632 Mure
268 573 416 631 binomium
444 571 481 631 de
505 571 572 644 Iro;
604 572 656 632 sed
684 591 745 632 non
772 571 840 633 hinc
868 573 997 650 sequitur
1024 569 1156 630 scholion
1180 571 1306 646 septimo

158 656 277 713 demum
291 654 338 712 uel
353 664 458 713 octauo
474 655 590 714 saeculo
604 655 743 731 scriptum
757 655 854 726 fuisse,
863 672 931 713 cum
942 653 1080 712 binomius
1093 652 1173 729 apud
1182 650 1305 710 Paulum

156 737 278 812 legatur,
293 754 321 812 p.
339 738 377 810 36
392 734 505 806 Mulier,
519 736 573 795 etsi
592 734 630 794 ad
649 753 711 794 rem
726 736 918 795 decidendam
932 735 1011 794 Festi
1024 736 1114 793 uerba
1127 751 1190 792 non
1205 750 1323 809 super·.

158 819 223 877 sint.
267 817 397 893 Suntque
422 825 518 876 cetera
542 817 646 876 similia
670 835 745 893 quae
769 817 878 890 attulit;
909 825 977 875 ante
999 815 1147 875 saeculum
1171 815 1305 892 quintum

158 899 244 958 scribi
259 899 309 956 uix
324 909 472 974 poterant3
492 898 545 957 sed
558 898 715 957 fluctuante
729 909 797 975 post
813 918 872 973 300
881 917 939 957 an.
949 916 1003 957 usu
1017 897 1104 956 latine
1119 895 1307 956 scribentium

159 981 249 1041 multa
273 980 332 1038 iam
355 988 419 1039 tum
443 981 621 1056 usurpabant
645 997 720 1055 quae
744 980 915 1057 plerumque
943 979 1044 1038 seriori
1068 978 1184 1037 saeculo
1208 977 1306 1051 adsig-

159 1072 272 1120 nantur.
316 1060 374 1120 Sed
395 1064 494 1118 tamen
515 1060 574 1120 duo
593 1070 663 1120 sunt
681 1079 757 1137 quae
776 1062 801 1120 si
819 1062 850 1119 in
870 1061 986 1120 scholiis
1003 1068 1085 1118 erant
1099 1078 1158 1137 quo
1173 1067 1306 1132 ternpore

160 1144 285 1220 primum
300 1152 442 1219 concepta
457 1152 531 1214 sunt,
547 1142 777 1202 recentissimum
792 1152 941 1201 auctorem
959 1140 1083 1218 prodere
1102 1159 1163 1199 non
1181 1139 1305 1197 infitior:

159 1223 205 1301 (1)
226 1224 300 1300 quod
317 1241 372 1299 pro
393 1230 432 1294 ul,
455 1219 501 1301 (a)
521 1223 578 1281 sibi
595 1243 623 1282 se
643 1241 697 1300 pro
717 1225 745 1280 εἰ
762 1243 821 1282 eum
842 1226 880 1282 eis
900 1243 948 1281 eos.
991 1223 1031 1281 At
1050 1222 1124 1281 haec
1144 1222 1174 1279 in
1196 1220 1221 1280 C
1243 1219 1307 1278 Ask

160 1305 363 1364 tantummodo
385 1316 525 1381 perpetua
545 1315 629 1364 sunt:
653 1306 683 1362 in
698 1303 751 1364 GP
765 1305 855 1363 rarius
875 1313 1046 1376 occurrunt3
1068 1313 1204 1381 poterant
1220 1301 1307 1378 igitur

161 1387 264 1446 abesse
279 1386 443 1461 antiquitus,
458 1395 525 1461 post
543 1386 690 1444 inuectam
711 1386 839 1444 sermoni
859 1386 1022 1445 barbariem
1038 1384 1158 1459 ingredi.
1200 1382 1307 1459 Neque

160 1486 231 1527 uero
246 1467 383 1526 clericum
397 1467 468 1524 mihi
482 1466 641 1539 Ehualdus
656 1485 752 1544 neque
766 1468 797 1525 in
812 1465 907 1525 Gallia
920 1467 993 1526 haec
1007 1476 1142 1525 enotasse
1156 1464 1306 1542 persuasit.

203 1549 277 1607 Mihi
290 1558 385 1607 totum
399 1566 507 1625 corpus
528 1548 704 1608 scholiorum
726 1549 853 1625 exigenti
873 1549 944 1607 nihil
964 1547 1172 1624 significantius
1193 1546 1308 1605 uidetur

161 1648 251 1707 quam
273 1629 353 1707 quod
374 1630 412 1688 ad
435 1644 492 1705 259
514 1629 630 1705 regulus
651 1628 818 1689 Gothorum
839 1629 942 1688 dicitur
961 1631 986 1688 is
1007 1629 1057 1705 qui
1078 1647 1178 1687 reuera
1200 1647 1251 1686 rex
1277 1628 1307 1685 in

162 1712 289 1771 Thracia
305 1711 364 1783 fuit,
380 1710 526 1783 Phineus;
547 1729 643 1788 neque
661 1711 692 1769 id
712 1711 815 1782 solum,
831 1710 883 1769 sed
900 1721 929 1770 et
942 1729 1016 1769 uxor
1030 1710 1091 1769 eius
1105 1720 1133 1769 et
1148 1710 1198 1767 filii
1211 1709 1307 1785 Dory-

162 1794 224 1853 clus
237 1802 266 1852 et
280 1792 427 1869 Othryllus
442 1793 503 1851 siue
518 1792 692 1868 Oreithyius,
707 1790 871 1851 Gothorum
887 1802 919 1851 ut
938 1793 1052 1852 uidetur
1072 1791 1198 1867 acceptis
1212 1792 1308 1849 nomi·

162 1876 256 1946 nibus,
270 1874 339 1932 Affa
352 1873 469 1933 Dorilas
484 1872 596 1933 Totilas
610 1871 818 1951 appellamus*
861 1873 897 1932 Id
917 1890 1013 1949 neque
1033 1885 1101 1932 ante
1119 1873 1263 1931 admissos
1277 1872 1308 1929 in

162 1955 320 2014 Thraciam
342 1954 457 2015 Gothos
482 1974 537 2014 nec
561 1965 629 2032 post
651 1956 847 2014 oblitteratum
868 1956 909 2014 ibi
930 1954 1096 2014 Gothorum
1117 1972 1227 2012 nornen
1247 1953 1307 2012 fieri

162 2038 264 2114 potuit.
310 2035 390 2096 Hinc
414 2037 546 2114 suspicor
570 2054 665 2114 neque
689 2046 756 2095 ante
779 2055 890 2095 annum
917 2037 974 2111 376
1000 2055 1061 2094 ab.
1086 2054 1142 2094 nec
1166 2035 1216 2093 diu
1241 2044 1309 2111 post

162 2118 314 2178 Iustiniani
328 2128 452 2177 aetatem
467 2121 604 2191 482-541
623 2135 658 2176 ea
673 2118 793 2176 nomina
807 2118 924 2177 scholiis
942 2119 1059 2176 inuecta
1077 2117 1175 2176 fuisse.
1218 2115 1308 2190 Quod

163 2201 187 2257 si
202 2218 270 2258 uere
284 2199 400 2258 conicio
414 2200 472 2258 iam
487 2210 554 2258 ante
568 2198 597 2258 id
612 2208 727 2275 tempus
739 2201 876 2274 376-541
889 2208 1036 2276 supererat
1050 2199 1081 2256 in
1095 2199 1197 2258 codice
1211 2199 1309 2282 aliquo

163 2279 253 2339 Ibidis
268 2281 364 2340 breuis
378 2280 522 2356 quaedam
542 2280 693 2339 adnotatio
710 2299 805 2339 rerum
827 2281 1046 2358 nominumque,
1061 2281 1091 2339 in
1112 2297 1201 2357 quam
1220 2279 1309 2338 animi

164 2380 252 2421 causa
272 2362 320 2420 uel
341 2362 471 2420 notarius
489 2361 536 2420 uel
557 2361 712 2421 scholiasta
726 2373 809 2422 sexto
831 2362 879 2420 uel
900 2363 1024 2438 septimo
1047 2363 1172 2431 saeculo,
1187 2360 1308 2420 fortasse

164 2443 226 2519 ipse
242 2442 358 2502 Gothus
376 2443 449 2501 sicut
463 2441 597 2502 Iordanis
612 2441 662 2522 (de
677 2442 773 2503 Getar.
789 2443 870 2519 Orig.
887 2443 944 2520 50),
960 2443 1027 2503 ficta
1045 2444 1167 2502 nomina
1181 2442 1266 2502 simul
1281 2453 1309 2500 et

165 2525 286 2584 ficticios
304 2541 406 2583 uersus
420 2525 609 2600 interpolauit.
652 2524 797 2584 Clericum
817 2525 896 2584 bunc
910 2525 999 2584 fuisse
1013 2525 1083 2593 nihi]
1097 2524 1223 2595 indicat;
1253 2543 1309 2583 nec

109 2621 113 2626 ·
164 2624 235 2664 sane
249 2623 320 2665 uero
334 2615 377 2665 est
392 2605 483 2665 simile
497 2605 630 2665 historias
650 2607 687 2665 ab
704 2606 871 2666 huiusmodi
889 2605 1009 2665 homine
1026 2606 1165 2682 confingi,
1180 2606 1310 2665 obscena

163 2684 302 2763 pleraque
323 2696 352 2746 et
372 2687 479 2764 pagani
501 2687 590 2746 moris
611 2687 827 2764 amplectentes.
870 2687 981 2746 Versus
1008 2690 1168 2747 maximam
1196 2697 1309 2764 partem

165 2768 335 2827 crediderim
349 2770 387 2827 ab
401 2768 507 2827 eodem
521 2769 683 2841 confict0s;
705 2769 846 2827 nonnulla
859 2769 905 2827 alii
921 2768 1068 2828 addidisse
1082 2769 1224 2841 uidentur,
1236 2768 1311 2826 sicut

165 2868 203 2908 ne
223 2849 358 2909 historias
378 2850 496 2926 quidem
517 2868 620 2910 omnes
642 2851 679 2908 ab
700 2867 760 2910 uno
781 2850 927 2927 proiectas
946 2850 1086 2909 arbitrorr
1115 2868 1184 2908 nam
1205 2849 1311 2908 uitiatis

165 2931 283 2989 demum
298 2930 466 2990 nominibus
480 2932 623 3007 leotrepido
638 2929 879 3006 Sardanapallus
894 2930 1004 2991 scholia
1017 2949 1154 2992 uersuum
1171 2946 1238 3006 512,
1252 2949 1308 3006 311

163 3012 252 3072 inlata
265 3021 340 3071 sunt.

198 3145 212 3179 *
229 3142 283 3188 Non
300 3143 381 3190 desum
397 3151 420 3190 et
438 3143 482 3190 alia
499 3142 594 3189 nomina
610 3157 669 3204 quae
686 3152 724 3190 aut
737 3141 868 3191 Gothorum
886 3149 939 3189 sunt
956 3149 995 3188 aut
1013 3143 1036 3188 in
1048 3141 1181 3190 Gothorum
1194 3143 1312 3189 annalibus

164 3208 309 3270 proueniunt.
345 3208 498 3256 Conferantur
508 3208 648 3270 Andugenes
665 3207 748 3268 (schol.
760 3209 820 3271 3²9)
832 3216 856 3254 et
874 3207 976 3254 Iordanis
986 3207 1105 3271 Andugis.
1119 3208 1209 3254 Neodes
1228 3207 1312 3269 (schol.

166 3286 221 3334 313,
233 3273 293 3335 317)
310 3281 334 3320 et
354 3273 455 3320 Iordanis
471 3273 555 3321 Neodo
566 3274 613 3321 siue
629 3273 715 3322 Netod.
749 3274 785 3320 Sic
801 3272 907 3320 Asterius
922 3272 1012 3320 Darius
1029 3271 1210 3338 Andragotlrius
1227 3273 1310 3336 (schol.

165 3339 234 3401 lbid.)
247 3339 394 3387 inueniuntur
405 3354 442 3402 ap.
454 3339 547 3388 Gib'hou
560 3338 592 3388 iii.
609 3354 633 3404 p.
648 3351 703 3402 209,
717 3351 771 3400 213,
789 3338 813 3388 ii.
829 3354 853 3400 p.
865 3350 913 3402 513
925 3339 961 3385 ed.
974 3338 1083 3387 Miluran.
