3038 5010
230 395 286 448 116
629 391 975 452 COMMENTARIVS.

226 550 413 611 2361111119
434 550 494 601 sub
515 563 571 601 ora
590 547 680 600 ‘close
699 565 737 616 up
759 558 788 601 to
807 549 851 602 his
869 549 948 602 sace!
985 547 1199 615 Coniunguntur
1221 562 1307 614 usqrce
1327 544 1378 598 sub

228 619 261 672 G.
280 634 299 671 1.
315 632 375 671 211.
526 620 596 671 240.
615 622 662 670 De
681 622 784 672 tribus
798 657 804 672 .
819 635 920 674 ‚una
935 635 1024 672 soror
1044 620 1085 672 M.
1097 638 1122 671 x.
1136 632 1187 685 313
1206 617 1379 685 tumidisque

226 689 349 757 adflauit
359 687 483 741 echidnis
495 687 524 741 E
536 689 626 742 trilus
639 705 697 741 rena
709 706 795 742 soror.
932 692 997 743 241.
1015 693 1174 742 mouimus
1192 686 1377 740 excitauimus

228 757 337 812 ‘called
359 758 450 811 forth!
487 761 554 813 Her.
576 777 600 812 x.
622 760 679 826 148,
703 759 796 827 Quint.
816 759 850 813 vi.
873 775 894 813 1.
913 774 948 826 44
972 763 1108 823 rempus
1129 762 1164 811 111
1188 761 1378 811 immensum

229 829 274 883 ‘to
293 830 347 882 last
365 829 409 881 for
427 831 524 897 ages'3
546 829 582 882 ab
601 830 763 899 hocusque
782 839 909 899 ternpore
928 829 1095 883 lacrimabis
1203 831 1274 881 242.
1293 830 1378 881 suffl-

227 904 329 954 oiente
346 899 437 952 actiue
450 898 574 968 positum
587 899 698 953 uidetur
710 910 739 953 ut
754 902 787 954 G.
799 900 835 954 iii.
847 900 879 968 65
896 901 984 953 aliam
997 918 1033 953 er
1044 902 1103 953 alia
1111 899 1274 969 generando
1286 899 1379 968 suffice

222 971 340 1040 prolem.
380 971 465 1023 Noua
478 987 589 1038 semper
601 987 687 1023 causa
699 988 788 1024 nouas
802 971 932 1024 lacrimas
945 970 1047 1039 gignet.
1141 973 1210 1023 245.
1231 985 1296 1035 suo,
1310 985 1378 1021 nam

228 1041 315 1109 ipsius
330 1041 447 1094 Clothus
460 1057 517 1092 non
531 1051 590 1094 erat
605 1040 694 1094 Ibidis
707 1041 765 1094 lata
778 1040 933 1108 uaticinari‚
947 1041 997 1094 sed
1012 1039 1115 1094 Ouidii.
1232 1042 1303 1092 246.
1323 1042 1378 1102 qui

227 1117 327 1174 cenet,
343 1115 411 1165 erit.
450 1112 586 1164 Futurum
605 1111 698 1180 posuit
717 1120 746 1167 ut
764 1112 865 1165 certius
884 1111 1020 1164 indicaret
1039 1128 1099 1165 rem
1115 1119 1280 1164 euenturam
1295 1127 1376 1163 esse:

227 1191 321 1251 potest
338 1181 414 1234 enim
433 1197 495 1235 esse
513 1191 592 1234 uates
610 1181 657 1251 qui
675 1192 766 1249 canat,
780 1199 833 1236 nec
849 1192 945 1236 tamen
961 1181 1023 1235 cani
1044 1181 1072 1234 id
1090 1181 1166 1250 quod
1185 1182 1307 1233 futurum
1325 1189 1376 1233 est.

228 1252 312 1322 Quod
340 1250 436 1306 statim
464 1251 607 1320 subiungit
634 1256 693 1306 111e
717 1268 774 1317 ego
803 1269 874 1307 eum
900 1258 1000 1315 uetes,
1025 1268 1064 1305 ex
1090 1269 1140 1304 me
1164 1257 1221 1306 tua
1244 1254 1379 1303 uulnere

226 1326 336 1377 disces.
490 1325 559 1377 247.
580 1326 715 1377 uulnera
733 1322 925 1392 metaphorice
945 1340 996 1392 pro
1016 1321 1168 1389 (1010111111,
1187 1331 1217 1374 ut
1237 1320 1319 1374 Trist.
1341 1321 1376 1374 iv.

230 1409 253 1447 1.
265 1407 307 1462 97.
346 1393 393 1447 Sic
411 1393 446 1446 de
465 1410 495 1446 se
513 1393 575 1462 ipso
591 1403 676 1462 poeta
694 1394 760 1446 Non
777 1393 905 1446 haletin
922 1394 1000 1447 nobis
1015 1395 1073 1446 ram
1090 1409 1165 1446 noua
1178 1392 1271 1462 plaga
1287 1392 1378 1444 locum

228 1465 309 1517 Pont.
333 1464 368 1517 iv.
392 1464 430 1516 16.
451 1475 490 1531 52.
536 1462 628 1516 ‘That
652 1464 791 1532 Prophete
817 1480 880 1517 sure
903 1481 949 1517 am
973 1466 995 1531 1,
1018 1464 1050 1516 of
1071 1480 1116 1516 me
1138 1463 1206 1517 thou
1232 1463 1305 1515 shalt
1328 1464 1378 1530 thy

228 1534 389 1588 mischiefes
407 1534 506 1587 know:
534 1534 572 1587 So
591 1535 652 1588 that
670 1535 718 1588 the
738 1534 817 1588 Gods
837 1551 916 1588 some
935 1535 968 1587 of
982 1533 1055 1587 their
1073 1533 1145 1602 skyll
1163 1532 1256 1586 would
1274 1549 1311 1585 on
1330 1550 1379 1599 my

228 1606 337 1658 wordes
350 1606 471 1658 bestow’
507 1606 541 1657 T.
554 1604 744 1657 Vnderdown.
859 1607 931 1659 248.
948 1608 1024 1658 dent
1038 1608 1123 1658 uires
1140 1607 1172 1657 in
1189 1619 1260 1656 mea
1271 1606 1378 1656 uerba.

228 1675 275 1729 Sic
294 1676 401 1729 dederis
419 1676 450 1728 in
468 1676 596 1729 carmina
614 1677 690 1728 uires
709 1677 740 1728 F.
755 1675 771 1728 i.
789 1687 828 1743 17,
846 1681 888 1729 est
903 1681 931 1729 et
948 1692 1035 1743 amor,
1048 1675 1127 1728 dabit
1143 1674 1190 1728 leic
1206 1675 1237 1727 in
1256 1674 1379 1725 uulnera

227 1748 304 1800 uires
317 1748 358 1799 M.
372 1744 406 1799 iv.
424 1757 480 1813 150.
564 1747 634 1798 249.
653 1749 802 1800 aceedent
814 1745 919 1815 pendet
932 1763 966 1799 ex
978 1746 1077 1810 moda·
1095 1761 1267 1814 quamquam
1280 1743 1379 1795 fortius

227 1834 296 1870 sane
321 1826 396 1869 esset
418 1815 494 1884 quod
518 1814 606 1868 edidit
633 1817 786 1870 Merkelius
808 1818 940 1884 accedent,
963 1816 1016 1868 nisi
1042 1825 1140 1868 contra
1164 1823 1270 1867 starent
1292 1814 1378 1866 MSS.

228 1889 308 1941 Fam.
319 1886 353 1940 xi.
366 1901 406 1954 29.
420 1901 430 1938 1
446 1902 581 1957 magnum
589 1886 703 1956 pondus
715 1889 832 1940 accessit.
903 1890 1043 1951 pondere
1054 1901 1161 1939 rerum
1174 1884 1247 1937 ‘real
1260 1883 1379 1951 weight‚’

228 1957 348 2025 ‘weight
368 1957 400 2009 of
414 1956 529 2024 reality.’
565 1959 627 2010 Am.
643 1956 668 2010 ii.
686 1973 724 2022 14,
738 1972 771 2023 42
787 1959 827 2011 Et
841 1959 901 2011 sint
912 1957 1051 2010 ominibus
1063 1957 1190 2026 pondera
1207 1955 1290 2007 nulla
1302 1956 1377 2007 uuis.

227 2030 299 2081 250.
318 2031 406 2089 Quae
419 2026 552 2080 carmina.
590 2031 751 2091 experiare
765 2028 891 2082 finaliter.
959 2031 1028 2081 253.
1046 2029 1218 2080 Poeantius
1230 2028 1379 2078 Herculis

227 2101 318 2153 heres
333 2099 408 2166 Hyg.
423 2097 456 2165 36
469 2098 588 2150 Dicitur
596 2099 762 2151 Philoctetes
773 2100 906 2152 Poeantis
912 2099 997 2166 filius
1010 2101 1113 2167 pyram
1130 2098 1161 2149 in
1174 2101 1266 2148 monte
1280 2095 1380 2148 Oetaeo

227 2171 414 2223 construxisse
429 2168 553 2220 Herculi
566 2185 682 2237 eumque
698 2169 850 2223 accendisse
866 2170 1074 2222 mortalitatem.
1115 2167 1154 2220 Ob
1171 2167 1205 2219 id
1220 2166 1379 2234 beneficium

228 2240 381 2292 Philocteti
397 2239 535 2292 Hercules
554 2255 649 2291 arcus
671 2244 698 2292 et
716 2239 858 2308 sagittas
879 2239 1023 2293 donauit.
1132 2240 1203 2290 255.
1221 2240 1276 2300 qui
1296 2238 1380 2289 bibit

228 2314 327 2364 ubera
345 2325 455 2363 oeruae
465 2309 622 2378 Telephus.
658 2309 718 2362 Ael.
733 2311 765 2362 V.
783 2312 819 2364 H.
834 2309 877 2363 xii.
892 2325 925 2376 42
945 2309 1058 2379 ἔθρεψε.
1071 2307 1225 2376 ..Τήλεφον
1237 2311 1281 2360 τὸν
1294 2308 1380 2376 Αὔγης

229 2383 270 2433 καὶ
283 2377 442 2448 Ἡρακλέους
453 2379 559 2448 ἔλαφος.
600 2379 680 2432 Idem
695 2382 731 2433 H.
747 2383 780 2433 Α.
795 2379 841 2433 vii.
855 2395 889 2468 39
903 2379 982 2432 Ὅσοι
999 2379 1108 2448 λέγουσι
1128 2378 1208 2445 θῆλυν
1224 2378 1324 2445 ἔλαφον
1337 2376 1379 2428 κε’-

227 2472 294 2519 ρατα
309 2451 339 2503 οὗ
352 2448 434 2518 φύειν,
448 2449 492 2501 οὐκ
509 2448 637 2501 αἰδοῦνται
653 2450 713 2503 τοὺς
729 2454 775 2503 τοῦ
791 2451 906 2504 ε’ναντιου
918 2452 1055 2519 μάρτυρας,
1069 2448 1205 2517 Σοφοκλέα
1217 2447 1264 2516 μὲν
1275 2447 1380 2499 εἰπόντα

228 2524 331 2590 Νόμας
349 2520 382 2573 τέ
399 2541 444 2573 τις
460 2518 601 2588 κεροῦσσ“
618 2518 663 2572 ἀπ’
677 2520 787 2590 ὀρθίων
802 2521 905 2591 πάγων
921 2519 1090 2589 Καθεῖρπεν
1108 2521 1224 2586 ἔλαφος
1242 2518 1282 2570 καὶ
1300 2518 1380 2570 πάλιν

221 2589 341 2659 ''Apuoa
359 2588 482 2657 μύξαςιι
509 2609 523 2638 11
543 2591 590 2641 καὶ
613 2593 825 2660 κερασφόρους
846 2592 1041 2660 Στόρθυγγας
1062 2587 1140 2660 εἶρφ’
1160 2588 1274 2655 ἕκηλος,
1294 2604 1379 2657 quem

229 2665 323 2716 locum
342 2678 376 2714 ex
394 2659 510 2720 Aleadis
531 2660 573 2724 (fr.
588 2661 632 2728 87)
653 2661 771 2730 sumpsit
791 2660 933 2715 Aelianus.
974 2660 1113 2715 Videlicet
1132 2658 1320 2727 descripserat
1338 2657 1377 2711 ibi

230 2732 385 2803 Sophocles
399 2747 512 2784 ceruam
522 2731 649 2800 Telephi,
660 2741 690 2784 ut
702 2741 840 2785 monstrat
855 2734 884 2785 L.
896 2733 1043 2800 Campbell
1056 2732 1093 2785 ad
1106 2733 1156 2784 loc.
1234 2732 1306 2782 256.
1319 2732 1379 2781 Ar·

229 2807 308 2858 meti
320 2801 447 2855 Achillis.
515 2805 646 2855 inermis
658 2818 724 2854 nam
737 2802 865 2856 eiusdem
878 2803 995 2856 Achillis
1010 2803 1109 2855 hastae
1122 2800 1249 2870 robigine
1263 2808 1379 2853 sanatus

229 2885 280 2942 est,
294 2873 389 2926 robore
401 2889 472 2940 raso,
486 2873 591 2925 Im‘ecto
603 2872 732 2925 membris
743 2873 865 2941 puluere
876 2875 961 2926 Anth.
978 2875 1007 2926 L.
1025 2874 1082 2940 184,
1097 2872 1191 2925 Riese.
1205 2870 1275 2924 Plin.
1289 2868 1380 2922 xxxiv.

120 3000 127 3014 ,
231 2957 289 3014 152,
310 2942 456 2998 Claudian.
476 2941 565 3011 Epist.
582 2955 603 3010 5.
618 2943 653 3007 46
670 2943 712 2995 ed.
734 2945 801 3012 leep
820 2945 917 2996 Sanus
933 2943 1071 2996 Achilleis
1089 2944 1225 2995 remeauit
1245 2940 1381 3009 Telephus

228 3016 326 3082 herbis,
337 3015 425 3068 Cuius
429 3013 590 3083 pertulerat
598 3015 681 3080 uires,
690 3019 716 3065 et
722 3016 808 3067 sensit
816 3016 847 3066 in
856 3030 912 3066 uno
919 3015 1043 3067 Letalem
1049 3013 1247 3082 placidamque
1254 3027 1378 3063 manum.
1397 3051 1401 3057 .

229 3089 313 3154 Prop.
332 3085 358 3138 ii.
380 3099 400 3136 1.
420 3083 463 3150 63,
481 3097 499 3148 4
517 3083 619 3151 Mysus
636 3089 663 3136 et
680 3084 837 3137 Haemonii
851 3086 964 3137 iuuenis
981 3101 1038 3152 qua
1056 3085 1168 3152 cuspide
1186 3083 1293 3136 uulnus
1311 3082 1380 3133 Sen-

229 3162 311 3223 serat,
325 3155 377 3208 lac
388 3156 451 3223 ipsa
463 3155 576 3222 cuspide
587 3155 673 3206 sensit
685 3158 770 3223 opem.
807 3155 892 3207 Anth.
909 3156 965 3208 Pal.
975 3156 1007 3207 V.
1020 3169 1079 3223 291.
1093 3166 1106 3221 5
1120 3153 1239 3222 Τήλεφον
1252 3155 1265 3203 ὁ
1278 3154 1381 3218 τρώσας

228 3230 270 3280 καὶ
283 3226 422 3278 driccam.
485 3226 552 3279 257.
572 3227 696 3288 Quique
709 3228 749 3278 ab
762 3242 841 3289 equo
855 3225 1050 3294 Bellerophon.
1087 3227 1227 3277 inAleie
1238 3223 1267 3275 in
1282 3220 1381 3275 Cilicia

231 3299 263 3351 ll.
274 3297 310 3350 vi.
323 3311 382 3363 201,
398 3297 472 3362 Hyg.
489 3306 520 3362 57
533 3295 620 3347 Hanc
633 3295 835 3364 (Clec'rnaeram)
848 3299 935 3365 super
945 3296 1084 3365 Pegasum
1097 3295 1192 3347 sedens
1203 3293 1344 3362 interfecit
1354 3296 1382 3344 ct

229 3368 359 3422 decidisse
367 3367 513 3419 diciturin
524 3364 739 3434 camposAlcios
748 3365 916 3433 (Heinsius).
959 3369 1028 3419 258.
1042 3369 1149 3419 Exitio
1161 3368 1257 3418 facies
1266 3372 1381 3433 propter

229 3454 355 3492 amorem
370 3436 576 3503 Stheneboeae,
593 3436 686 3489 Proeti
702 3435 802 3489 uxoris.
875 3439 943 3489 259.
964 3439 1003 3489 111
1020 3439 1130 3490 uideas
1147 3435 1279 3489 tenebras
1297 3435 1331 3486 Ο.
1346 3434 1379 3487 Τ.

229 3524 282 3577 419
302 3506 434 3564 βλέποντα
456 3509 500 3558 νῦν
518 3507 564 3572 μὲν
583 3504 640 3576 lpd'
658 3507 745 3560 ἔπειτα
766 3507 794 3558 δὲ
815 3508 919 3560 σκότον.
1001 3509 1225 3571 Amyntorides
1245 3502 1380 3557 Phoenix.

228 3577 359 3649 Apollod.
379 3575 416 3629 iii.
436 3590 477 3642 13.
493 3576 508 3628 8
528 3575 610 3630 Oricos
627 3576 676 3629 ὑπὸ
694 3581 740 3629 τοῦ
758 3578 854 3644 πατρὸς
873 3575 1011 3647 ἐτυφλώθη
1031 3575 1259 3644 καταψευσαμένης
1277 3573 1381 3642 φθορὰν

229 3652 308 3703 Φθίας
320 3651 364 3714 τῆς
375 3650 421 3700 τοῦ
433 3647 530 3712 πατρὸς
541 3647 708 3700 παλλακίδος.
777 3651 923 3701 ministro
937 3647 989 3715 ‘by
1002 3614 1050 3701 the
1063 3648 1129 3716 help
1142 3647 1187 3699 of!
1225 3647 1264 3698 M.
1279 3643 1312 3697 ix.
1328 3657 1380 3710 234

228 3737 284 3790 quo
292 3720 417 3788 flamma
436 3717 567 3768 ministro
585 3716 712 3770 Subdita.
833 3721 903 3771 260.
922 3721 1137 3782 Praetemptes
1156 3715 1276 3784 ‘grope'
1313 3713 1378 3766 Sen.

229 3789 301 3844 Oed.
315 3788 368 3856 656
386 3787 494 3840 Baculo
506 3786 591 3838 senili
600 3788 681 3839 triste
688 3790 902 3857 praetemptans
913 3791 974 3842 iter.
1052 3791 1117 3841 261.
1137 3802 1230 3851 quem
1244 3783 1379 3852 Oedipus.

229 3863 296 3913 fllia
313 3857 463 3925 Antigone.
615 3858 682 3909 263.
705 3860 743 3910 (19
761 3862 817 3912 lite
835 3863 940 3912 iocosa
961 3860 999 3912 M.
1017 3858 1053 3912 iii.
1072 3872 1131 3926 332,
1153 3859 1226 3925 Hyg.
1245 3867 1277 3923 75
1300 3855 1383 3907 Inter

228 3932 324 3984 Iouem
343 3934 370 3980 et
387 3927 523 3979 Iunonem
536 3927 603 3996 suit
623 3926 735 3981 iocosa
757 3929 940 3996 altercatio,
959 3931 1024 3998 quis
1045 3931 1137 3999 magis
1157 3929 1190 3981 ale
1211 3943 1241 3979 re
1263 3940 1380 3977 uenerea

229 4001 403 4068 uoluptatem
416 4001 531 4066 caperet,
546 3997 688 4051 masculus
699 4015 737 4051 an
746 3999 877 4069 foemina
886 4019 896 4052 .·
919 4000 953 4053 de
967 4017 1024 4068 qua
1039 4017 1069 4051 re
1085 4000 1223 4052 Tiresiam
1238 3995 1380 4049 iudicem

230 4077 443 4138 sumpserunt
464 4070 517 4136 qui
539 4073 691 4137 utrumque
711 4075 774 4122 erat
794 4074 930 4139 expertus.
977 4070 1090 4124 Iseum
1112 4069 1262 4122 secundum
1284 4066 1381 4118 Iouem

228 4142 385 4204 iudicasset,
399 4139 472 4190 luno
484 4139 562 4191 irata
574 4155 662 4191 uranu
675 4157 776 4192 accersa
788 4157 850 4192 eum
863 4141 1028 4194 excaecauit.
1124 4141 1194 4194 264.
1212 4139 1382 4201 Apollinea

229 4208 409 4266 uaticinandi.
451 4212 486 4260 in
499 4208 566 4261 dum
580 4218 690 4263 exercet
702 4220 792 4264 artem
807 4211 875 4264 Plin.
885 4211 973 4264 xxxvi.
986 4226 1013 4263 11
1024 4211 1158 4279 Bupalus
1168 4208 1326 4263 etAtlzenis
1335 4207 1384 4258 uel

228 4281 383 4338 clarissimi
392 4280 423 4331 in
436 4296 468 4330 ea
479 4280 692 4349 scientiasuere.
721 4280 768 4333 Sic
771 4281 895 4349 florebat
906 4284 937 4334 in
950 4283 1040 4335 armis
1054 4281 1108 4334 Cir.
1122 4296 1176 4333 110.
1238 4280 1306 4330 265.
1327 4279 1382 4329 1119

229 4353 360 4408 Phineus.
406 4349 465 4402 Hic
483 4350 598 4403 deorum
616 4351 733 4403 consilia
751 4368 813 4405 cum
834 4355 999 4406 enunciaret
1019 4352 1053 4404 ab
1072 4352 1140 4404 Ioue
1159 4355 1202 4403 est
1221 4353 1382 4403 excaecatus

230 4417 411 4493 Hyg.19.⁶0s
423 4421 482 4487 περὶ
495 4419 525 4486 δὴ
538 4421 639 4472 πάντων
651 4420 783 4475 ὀλοώτατα
797 4420 891 4490 πήματ’
904 4422 995 4490 ἀνέτλη
1010 4420 1100 4474 Εἵνεκο
1116 4418 1285 4489 μαντοσύνης,
1294 4419 1345 4490 τὴν
1358 4417 1382 4469 oi

228 4499 309 4564 πάρος
320 4490 473 4563 ἐγγυάλιξεν
487 4489 619 4557 Λητοΐδηςι
641 4488 695 4544 οὐδ’
708 4491 792 4546 ὅσσον
806 4492 907 4558 ὀπίζετο
924 4493 965 4546 καὶ
978 4493 1038 4547 Διὸς
1056 4493 1133 4545 αὐτοῦ
1148 4491 1245 4560 Χρείων
1257 4488 1382 4559 ἀτρεκέως
