3038 5010
224 401 281 457 140
620 391 968 456 COMMENTARIVS.

222 562 251 608 et
264 551 324 622 ipse
337 548 468 605 dominus
483 549 686 618 Cassandreae,
698 553 826 604 domino
842 566 907 604 non
923 552 1031 604 mitior
1046 551 1102 603 illo
1118 548 1145 602 h.
1156 564 1180 604 e.
1193 557 1262 603 noto
1277 547 1325 603 illo
1340 557 1369 604 et

223 623 320 677 infami
345 621 527 691 Apollodoro,
551 621 598 690 qui
629 632 740 690 praeter
769 631 878 675 ceteros
908 621 1009 674 meruit
1038 620 1233 674 Cassandreus
1263 619 1369 675 uocari.

222 697 292 747 462.
306 697 429 757 ingesta
441 708 526 760 supra
535 693 684 746 cumulata
712 693 782 745 ΜΝ.
792 692 844 759 346
857 693 942 745 Vasta
952 693 1098 762 Giganteis
1106 693 1216 761 ingesta
1224 696 1266 744 est
1272 692 1370 745 i'nsula

223 765 353 818 membris
368 764 396 816 T
392 764 520 816 rinacris.
662 765 733 815 468.
751 766 948 816 Abantiades
961 763 1079 815 Perseus
1099 761 1171 814 filius
1185 762 1310 829 Danaes,
1323 760 1369 814 cui

223 845 304 904 pater
322 832 456 900 AcrisiuS,
474 849 544 886 auus
563 831 650 899 Abas,
663 833 792 901 Apollod
807 832 833 886 ii.
848 848 873 887 2.
889 848 910 886 1.
948 834 1070 886 Danaen
1084 835 1171 901 pater
1187 832 1219 885 ab
1235 835 1370 900 stuprum

222 906 362 959 inclusam
373 905 405 956 in
417 919 485 957 arca
495 920 559 956 cum
571 904 671 956 Perseo
682 904 714 956 in
726 920 805 956 mare
815 903 919 956 deiecit.
932 921 964 956 ea
975 903 1123 956 uoluntate
1133 903 1213 955 Iouis
1224 902 1318 955 delata
1330 907 1373 956 est

223 977 255 1029 in
268 976 392 1029 insulam
405 973 558 1043 Sem'plzum
573 974 648 1041 Hyg.
661 974 705 1041 63.
742 974 880 1027 Fabulam
898 973 1021 1027 narrauit
1042 972 1203 1027 Simonides
1220 971 1370 1026 notissimo

224 1045 349 1099 carmine
361 1044 393 1098 fr.
407 1057 439 1111 37
454 1045 547 1112 Bergk
554 1041 617 1096 ’Ὅτε
630 1045 736 1111 λάρνακι
748 1044 777 1096 έν
789 1042 910 1111 δαιδαλέᾳ
922 1046 999 1098 κ.τ.λ.
1047 1046 1205 1108 Cygneius
1221 1043 1267 1096 uel
1279 1052 1309 1096 ut
1322 1041 1370 1096 alii

224 1116 308 1170 codd.
331 1117 504 1180 Lyrnesius
526 1117 620 1168 heroe
644 1123 686 1169 est
712 1115 813 1169 Tenes.
858 1113 942 1168 Diod.
962 1132 988 1168 v.
1007 1114 1086 1181 83.4
1112 1112 1209 1166 Κύκνον
1232 1116 1302 1179 φασι
1325 1115 1372 1165 τὸν

223 1186 322 1255 πατέρα
330 1183 507 1239 πιστεύσαντα
515 1186 633 1255 γυναικὸς
642 1185 775 1246 διαβολαῖς
784 1185 880 1239 ἀδίκοις
888 1186 933 1238 τὸν
942 1185 997 1237 vitiu
1008 1185 1086 1251 Τένην
1098 1183 1134 1238 είς
1141 1185 1255 1253 λάρνακα
1266 1182 1372 1237 ἐνθέντα

224 1257 416 1310 καταποντίσαι·
434 1253 528 1322 ταύτην
541 1254 569 1307 δὲ
585 1255 635 1308 ὑπὸ
647 1257 693 1308 τοῦ
705 1253 835 1309 κλύδωνος
846 1253 990 1324 φερομένην
1001 1254 1205 1340 προσενεχθῆναι
1220 1253 1251 1321 τῇ
1263 1254 1372 1327 Τενέδῳ,

224 1327 266 1379 καὶ
284 1328 328 1379 τόν
346 1326 425 1392 Τένην
441 1324 594 1393 παραδόξως
610 1325 727 1378 σωθέντα
745 1326 810 1379 θεῶν
827 1346 895 1379 τινος
911 1326 1018 1393 προνοίᾳ
1037 1327 1082 1389 τῆς
1104 1346 1184 1391 νησου
1202 1326 1370 1386 βασιλεῦσαι.

226 1396 370 1451 Heraclid.
391 1394 498 1450 Pontic.
517 1412 543 1465 p.
558 1409 609 1462 213
630 1396 738 1450 Mliller.
777 1394 908 1449 Tenedos
928 1397 1068 1464 Lyrnesos
1087 1394 1164 1448 dicta
1183 1393 1372 1460 Plin.v.14o.

226 1467 381 1521 Pausanias
406 1465 454 1519 ubi
478 1482 538 1520 rem
562 1476 657 1520 narrat
680 1485 706 1521 x.
732 1481 763 1532 14
788 1466 856 1520 dicit
880 1468 979 1520 Tenen
1000 1483 1065 1519 cum
1086 1483 1182 1519 sorore
1208 1464 1372 1533 Hemithea,

224 1538 323 1592 fraude
347 1553 486 1590 nouercae
512 1537 710 1605 Phylonomes,
735 1553 807 1606 quae
832 1538 930 1591 Tenen
955 1537 1057 1590 frustra
1081 1544 1198 1604 amaret,
1222 1535 1251 1588 in
1275 1553 1372 1589 arcam

225 1608 384 1662 coniectos:
398 1617 426 1662 et
436 1606 477 1660 sic
488 1607 655 1675 Lycophron
664 1622 724 1674 231,
733 1608 766 1661 cl.
781 1620 831 1676 235
842 1606 1070 1676 λαρνοκοφθόρους
1081 1605 1168 1674 ῥιφάς.
1221 1609 1372 1660 465.vie-

225 1683 304 1733 tima
315 1681 462 1732 maeroris
474 1677 507 1730 cl.
514 1677 565 1745 398
576 1679 693 1731 ni'ctima
705 1694 806 1732 caesus.
826 1676 1017 1732 Liu.xxxix.1o
1025 1678 1061 1730 Vt
1071 1678 1187 1746 quisque
1195 1677 1374 1730 introductus

224 1751 265 1803 sit
276 1749 315 1817 (in
330 1747 501 1816 Bacchanal)
515 1748 595 1801 uelut
605 1749 751 1802 uictimam
766 1748 846 1802 tradi
855 1748 1047 1802 sacerdotibus.
1076 1747 1113 1802 ib.
1125 1762 1155 1814 13
1169 1748 1206 1801 Si
1215 1749 1268 1816 qui
1278 1749 1374 1801 minus

220 1822 362 1891 patientes
372 1819 511 1872 dedecoris
521 1819 581 1871 sint
599 1859 605 1872 .
624 1859 630 1872 .
652 1859 658 1873 .
674 1823 729 1889 pra
741 1820 865 1872 uictimis
876 1818 1028 1873 immolari.
1059 1817 1222 1872 woras‘os
1231 1817 1375 1886 sacrifice‚¹

226 1890 274 1944 ubi
287 1889 466 1943 sacrificatur.
499 1887 546 1943 Sic
559 1888 679 1943 uictoria
691 1906 772 1943 sacra
786 1890 866 1943 Pont.
880 1888 915 1943 iv.
926 1904 951 1958 9.
961 1903 1003 1957 30.
1065 1893 1144 1944 466.-
1154 1904 1249 1942 saeuo
1261 1887 1374 1958 proprie

226 1961 263 2014 de
281 1960 416 2028 tyrannis.
454 1960 551 2012 quen.
564 1977 588 2012 x
607 1972 657 2026 307
676 1977 762 2013 saeua
779 1961 919 2013 castrauit
934 1962 966 2013 in
984 1975 1047 2014 arce
1064 1965 1210 2029 tyrannus.
1282 1961 1374 2012 hoste

225 2031 407 2100 Apollodoro,
421 2028 468 2099 qui
482 2039 511 2083 ut
526 2030 721 2083 Cassandreae
739 2029 918 2099 tyrannidem
937 2029 1061 2084 securius
1080 2038 1230 2099 occuparet
1246 2030 1374 2098 μειράκιον

227 2101 379 2169 Καλλιμελη
410 2101 578 2168 συναρπάσας
607 2101 648 2152 καί
678 2099 760 2155 θύσας
790 2099 935 2167 ἐπέστησεν
964 2101 1032 2170 αὐτῷ
1057 2101 1179 2171 μάγειρον
1203 2099 1375 2168 Λεοντομελη.

227 2170 309 2225 Οὗτος
339 2168 537 2236 δειπνοποιησας
559 2170 592 2223 τά
616 2171 757 2240 σπλάγχνα
786 2170 913 2239 παρέθηκε
937 2172 991 2225 τοῖς
1016 2172 1182 2239 συνωμόταις·
1213 2170 1248 2223 ὧν
1273 2169 1374 2238 δειπνη·

227 2243 328 2295 σάντων
357 2241 398 2293 καὶ
425 2242 535 2293 πιόντων
563 2241 594 2293 τό
624 2237 685 2308 αἷμα
715 2238 775 2313 οἴνιρ
804 2241 896 2308 μελανι
925 2241 1088 2310 μεμιγμένον,
1112 2241 1209 2306 ἔδειξεν
1235 2240 1321 2295 αὐτοῖς
1344 2241 1375 2294 τό

227 2316 312 2378 σῶμα,
341 2312 372 2378 τῇ
404 2311 518 2378 κοινωνίᾳ
552 2313 599 2364 τοῦ
631 2312 778 2378 μιάσματος
812 2311 929 2380 ἐμπεδῶν
962 2313 992 2365 τὸ
1021 2313 1115 2365 πιστὸν
1148 2312 1193 2378 τῆς
1226 2310 1375 2366 ἐπιθέσεως.

228 2383 360 2451 Polyaen.
386 2380 422 2434 vi.
448 2393 472 2449 7,
498 2379 531 2434 cf.
553 2380 637 2435 Diod.
664 2380 727 2436 xxii.
752 2392 775 2449 5.
819 2383 905 2435 Hunc
929 2380 1060 2435 iuuenem
1085 2382 1265 2435 Theodotum
1290 2391 1376 2450 poeta

227 2453 359 2522 appellat,
381 2451 456 2519 sacili
480 2467 581 2505 errore.
625 2453 702 2505 Nam
724 2452 889 2506 Theodotus
909 2451 938 2505 in
963 2453 1065 2506 eodem
1089 2453 1152 2506 loco
1175 2451 1309 2521 Polyaeni
1334 2451 1376 2506 di·

227 2523 299 2577 citur
318 2523 341 2576 is
359 2521 406 2591 qui
425 2530 523 2576 auctor
543 2521 632 2576 suerat
651 2530 682 2576 ut
703 2522 891 2591 Apollodorus
913 2522 1048 2577 satellites
1067 2541 1085 2576 a
1102 2524 1207 2592 populo
1226 2521 1376 2591 acciperet,

228 2592 290 2663 ipso
315 2593 465 2646 obstante:
496 2592 572 2646 unde
596 2608 700 2646 nomen
725 2593 763 2646 ad
789 2593 953 2647 Callimelen
978 2595 1110 2648 tralatum
1134 2593 1273 2648 existimo.
1311 2591 1375 2646 Nisi

227 2666 307 2732 forte,
321 2662 397 2732 quod
416 2662 584 2731 Saluagnius
603 2662 734 2733 opinatus
752 2671 804 2731 est,
822 2673 850 2718 et
871 2663 1035 2717 Callimelen
1054 2674 1082 2718 et
1101 2664 1281 2717 Theodotum
1299 2679 1376 2717 mac·

227 2733 299 2788 tauit
318 2733 516 2802 Apollodorus.
552 2732 608 2787 Alii
630 2733 810 2788 Theodotum
832 2733 989 2803 intelligunt
1015 2733 1093 2788 cuius
1118 2733 1291 2788 mentionem
1309 2733 1376 2788 fecit

229 2804 325 2861 Liuius
345 2803 416 2858 xxiv.
440 2816 463 2872 5.
501 2804 573 2857 Cum
594 2803 656 2857 aliis
677 2803 872 2858 coniurauerat
897 2804 926 2858 iu
949 2804 1164 2873 Hieronymum,
1189 2803 1302 2859 Siciliae
1326 2821 1378 2874 per

228 2874 364 2931 tredecim
377 2890 489 2928 meuses
502 2884 660 2942 tyrannum,
673 2875 851 2944 traditusque
858 2874 886 2927 A
890 2875 1068 2929 ndranodara
1081 2876 1258 2944 torquendus,
1267 2879 1376 2944 pastre-

228 2963 274 2999 mo
285 2963 348 3000 cum
361 2945 488 2998 omnibus
500 2945 686 2999 intolerandis
692 2947 850 3015 patientiae
861 2945 1002 2999 humanae
1013 2947 1184 3000 cruciatibus
1195 2947 1377 3013 laceraretur,

228 3018 336 3070 uictum
349 3017 434 3069 malis
445 3032 474 3068 se
484 3015 624 3068 simulans
635 3019 743 3070 auertit
754 3016 789 3068 ab
799 3017 915 3069 consciis
926 3017 958 3069 in
970 3017 1093 3069 insontes
1106 3017 1252 3071 iudicium.
1291 3018 1378 3069 Hunc

229 3087 411 3141 Theodorum
419 3086 481 3140 Val.
491 3086 633 3139 Maximus
645 3087 769 3156 appellat
782 3085 819 3140 iii.
828 3101 852 3153 3.
866 3098 887 3154 5.
912 3087 1005 3156 Rupit
1015 3089 1100 3141 etiam
1113 3087 1236 3154 uerbera,
1241 3087 1378 3156 fidiculas

228 3158 350 3225 laxauit,
367 3157 456 3210 saluit
472 3157 603 3224 eculeum,
622 3158 746 3210 laminas
761 3158 886 3211 extinxit
903 3159 990 3227 prius
1007 3174 1094 3226 quam
1111 3158 1213 3227 efficere
1228 3159 1327 3227 potuit
1344 3162 1380 3211 ut

228 3228 416 3297 tyrannicidii
436 3229 556 3282 conscr’os
578 3228 724 3282 indicaret.
762 3227 820 3281 Sed
844 3228 918 3281 hunc
943 3227 980 3281 ad
1004 3244 1068 3281 aras
1090 3226 1198 3281 Phoebi
1222 3235 1378 3281 mactatum

229 3298 316 3352 luisse
341 3314 425 3351 nemo
448 3296 583 3352 tradidit:
614 3308 689 3352 certe
714 3297 790 3352 idem
814 3307 915 3366 postea
937 3306 1083 3367 tamquam
1103 3297 1185 3351 uiuus
1206 3307 1379 3352 memoratur

230 3385 295 3422 cum
313 3368 414 3423 Soside
432 3367 490 3421 Liu.
504 3367 575 3421 xxiv.
590 3382 632 3423 21.
669 3370 737 3422 Non
754 3368 839 3441 credo
856 3367 972 3437 intelligi
986 3368 1166 3423 Theodotum
1183 3368 1260 3421 illum
1275 3369 1378 3437 Pytha-

229 3457 346 3510 goreum
360 3439 395 3492 de
408 3453 464 3508 quo
479 3439 569 3491 Clem.
579 3439 659 3492 Alex.
673 3440 777 3493 Strom.
790 3453 841 3506 213
856 3441 885 3493 S.
898 3437 966 3493 dicit
979 3455 1044 3492 cum
1059 3438 1206 3493 tormentis
1219 3437 1379 3506 adigeretur

230 3520 260 3564 ut
278 3526 412 3564 arcanum
427 3507 534 3577 aliquid
551 3508 681 3576 proderet
695 3509 904 3578 στρεβλούμενον
915 3511 1078 3579 καρτερῆσαι,
1089 3525 1144 3563 nec
1162 3508 1378 3564 Ciceronianum

230 3579 309 3633 illum
334 3578 516 3634 Theodorum
540 3580 624 3632 Tusc.
650 3579 732 3649 Disp.
754 3580 770 3634 i.
793 3595 835 3647 43.
862 3594 919 3633 102.
1019 3583 1261 3636 461.deuoueat
1284 3583 1379 3633 certis

230 3653 357 3705 Abdera
374 3653 492 3703 diebus.
531 3650 577 3702 De
595 3650 650 3703 hoc
667 3667 746 3704 more
764 3649 963 3704 Abderitarum
986 3649 1022 3704 de
1044 3667 1100 3720 quo
1125 3649 1275 3719 scripserat
1295 3649 1379 3703 Calli-

230 3721 358 3786 machus,
382 3719 406 3773 si
431 3719 501 3772 fides
527 3718 710 3788 Scholiastae,
734 3719 804 3774 nihil
828 3720 942 3774 aliunde
966 3731 1141 3790 compertum
1164 3720 1263 3775 habuit
1287 3721 1323 3774 K.
1345 3722 1378 3774 F.

231 3791 381 3844 Hermann
402 3788 431 3842 in
451 3788 545 3843 libello
564 3806 649 3859 quem
665 3790 702 3844 de
720 3791 836 3844 Abdera
853 3790 1024 3860 peculiarem
1043 3791 1154 3860 scripsit
1174 3790 1379 3860 (Gesammelte

230 3860 459 3927 Abhandlungen
472 3876 499 3928 p.
516 3862 576 3928 109)
594 3859 634 3914 ita
651 3870 747 3914 tamen
766 3871 796 3915 ut
814 3861 940 3915 crederet
959 3862 997 3916 ad
1014 3861 1154 3931 Apollinis
1173 3862 1287 3928 cultum,
1300 3860 1379 3914 cuius

231 3930 321 3999 figura
337 3929 366 3982 in
385 3929 478 3983 numis
491 3929 673 3984 Abderitanis
690 3940 788 3998 exstet,
801 3948 885 4001 posse
902 3949 967 3986 eum
979 3932 1128 4001 pertinere.
1165 3930 1329 3985 Lactantius
1342 3931 1379 3985 ad

231 4002 304 4054 Stat.
325 4000 415 4054 Theb.
437 4017 463 4054 x.
483 4013 543 4068 793,
562 3999 663 4054 citatus
682 4018 700 4055 a
719 4003 816 4056 Const.
836 4001 968 4070 Fanensi,
986 4003 1110 4056 lustrare
1128 4001 1217 4072 inquit
1235 4003 1380 4057 ciuitatem

230 4071 358 4124 humana
368 4068 461 4124 liastia
472 4071 599 4124 Gallicus
611 4076 724 4126 marest.
752 4088 820 4125 nam
832 4074 938 4142 aliquis
949 4073 983 4126 a’e
993 4074 1179 4143 egentissimis
1185 4073 1384 4142 pelliciebatur

225 4141 366 4212 praemiis
378 4146 411 4194 ut
421 4157 450 4195 se
461 4141 502 4194 acl
510 4140 561 4194 liae
572 4142 708 4195 uenderet.
736 4144 790 4211 qui
799 4159 874 4196 anno
885 4148 943 4197 teto
950 4144 1074 4213 publicis
1084 4144 1242 4213 sumptibus
1248 4143 1385 4196 ¹alebatur

227 4211 396 4282 pum‘om'bus
411 4211 485 4266 cibis.
521 4212 639 4281 denique
657 4222 749 4266 certo
764 4218 793 4265 et
809 4213 966 4267 sollemni
985 4212 1037 4268 die
1051 4218 1108 4284 per
1121 4219 1210 4268 totam
1227 4215 1382 4281 ciuitatem,

230 4283 332 4336 ductus
352 4299 389 4334 en
406 4282 479 4350 urbe,
503 4288 585 4335 extra
603 4282 735 4352 pamem'a
756 4283 844 4337 saxis
868 4284 1042 4337 occidebatur
1061 4302 1080 4338 a
1095 4286 1223 4354 papula:
1247 4283 1323 4337 idem
1345 4283 1382 4337 de

234 4351 460 4406 Massiliensibus
482 4352 567 4406 tradit
592 4352 707 4406 Seruius
731 4353 769 4407 ad
794 4355 865 4408 Aen.
886 4353 923 4408 iii.
945 4367 986 4423 57.
1022 4354 1096 4409 Vide
1118 4355 1322 4408 Buechelerum
1344 4354 1382 4408 ad

234 4424 346 4478 Petron.
357 4424 389 4477 fr.
399 4420 416 4477 i.
453 4422 573 4476 Athenis
586 4431 680 4477 autem
693 4424 844 4492 φαρρακοὺς
856 4423 927 4478 duos
940 4423 1111 4479 sacrificatos
1124 4424 1210 4478 fuisse
1223 4423 1381 4493 Thargeliis

233 4504 344 4549 constat
363 4511 397 4549 ex
412 4491 497 4548 Arist.
512 4495 565 4563 Eq.
582 4508 657 4561 1140,
670 4495 743 4548 Ran.
757 4507 823 4562 733:
842 4495 877 4550 cl.
892 4495 969 4550 Suid.
983 4505 1010 4550 et
1030 4496 1155 4564 Hesych.
1169 4512 1191 4551 s.
1202 4512 1229 4551 u.
1241 4495 1382 4565 Φαρμακοί,
