3038 5010
183 387 239 442 162
581 375 930 438 COMMENTARIVS.

180 537 305 593 historiis
323 537 434 592 Graeca
451 534 589 590 Romanis
608 535 739 606 praetulit
759 534 887 590 Ouidius.
933 535 1063 599 liquidis
1081 532 1184 588 dicitur
1201 542 1334 603 respectu

179 611 274 664 nantis
287 619 317 663 ut
332 611 372 663 M.
383 608 399 662 i.
411 620 444 677 95
457 609 489 661 in
501 608 626 677 liquidas
633 609 724 677 pinus
732 607 910 661 descenderat
920 607 1019 674 undas,
1031 607 1094 659 Cat.
1104 605 1166 659 lxiv.
1178 619 1194 658 a
1206 605 1335 674 liquidas

179 682 313 750 Neptuni
322 696 403 733 nasse
410 683 466 748 per
476 680 575 732 undas.
647 681 723 731 dum
740 681 839 732 nabat
852 676 1043 745 ‘swimmingt
1080 676 1219 745 Sperabat
1235 676 1334 729 nando

180 767 212 805 se
231 751 259 804 in
279 759 370 804 tutum
387 766 544 804 euasurum.
652 752 723 802 592.
741 747 890 816 Etetiam,
904 747 937 801 ci.
951 747 1011 813 460.
1056 749 1194 812 Stygius.
1232 747 1334 815 Inepte

182 820 351 889 Saluagnius
379 820 416 875 ad
445 821 534 888 Styga
557 818 727 873 Arcadicam
751 817 854 885 retulit,
879 817 959 887 quasi
984 819 1131 871 uenenatis
1159 815 1240 886 aquis
1273 817 1333 871 Ibis

201 891 319 946 eriturus
345 900 427 946 esset.
478 891 572 959 (Paus.
594 888 650 943 viii.
674 903 712 956 17.
732 889 750 943 6
768 905 838 959 sqq,
859 889 951 942 Strab.
971 889 1032 957 389,
1051 889 1110 943 Ael.
1133 889 1170 942 H.
1189 889 1224 942 A.
1243 905 1270 942 x.
1288 902 1333 956 40,

180 909 291 1015 Mitruu.
303 960 360 1016 viii.
374 976 399 1029 3,
419 961 484 1016 Sen.
504 962 541 1014 N.
556 960 590 1028 Q.
604 958 642 1014 iii.
655 972 697 1028 25,
718 959 788 1013 Plin.
808 961 847 1012 H.
862 961 899 1014 N.
917 959 944 1013 ii.
958 973 1017 1027 231,
1037 977 1098 1011 xxx.
1115 973 1173 1027 149,
1191 957 1262 1011 xxxi.
1277 957 1333 1024 26).

181 1036 311 1098 Stygius
322 1036 426 1096 liquor
439 1030 541 1086 eodem
554 1046 639 1085 sensu
652 1030 754 1085 dicitur
767 1047 822 1100 quo
837 1032 876 1084 M.
891 1029 936 1083 xii.
951 1044 1000 1097 321
1016 1029 1241 1098 ‘Miscenda’que
1256 1029 1336 1082 derit

182 1102 266 1157 ‘Cum
286 1103 373 1173 Styge
391 1104 462 1155 nina
478 1101 565 1168 bibes,’
581 1101 609 1153 h.
623 1117 647 1156 e.
666 1101 748 1155 bibes
769 1117 834 1154 cum
856 1099 923 1154 uino
940 1109 1068 1168 mortem,
1087 1099 1233 1154 bibentem
1255 1115 1333 1153 mors

180 1190 216 1228 ex
237 1190 283 1228 me
301 1172 460 1242 occupabit.
497 1171 545 1226 Sic
564 1172 667 1241 Stygia
685 1172 771 1240 unda,
792 1188 876 1240 aqua,
896 1171 1013 1242 Stygiae
1034 1171 1134 1238 undae,
1155 1186 1247 1239 aquae
1267 1186 1334 1223 con·

181 1254 290 1298 stanter
307 1252 477 1312 usurpantur
499 1241 611 1296 Ouidio.
650 1242 708 1297 Sed
726 1241 772 1295 hic
791 1258 848 1295 non
870 1242 943 1296 bene
966 1241 1061 1310 Stygis
1086 1241 1132 1294 uel
1150 1240 1198 1295 leti
1218 1257 1333 1294 amnem

181 1331 246 1369 cum
266 1314 340 1368 ueris
357 1313 438 1383 aquis
457 1312 583 1367 confudit
600 1311 702 1382 quibus
716 1312 861 1366 inimicum
879 1313 1084 1381 strangulatum
1102 1310 1187 1380 cupit,
1199 1310 1333 1365 nimirum

181 1385 258 1466 quod
271 1401 344 1454 quae
361 1400 452 1454 aquae
468 1399 620 1451 mersurae,
637 1383 755 1437 eaedem
772 1384 829 1437 leto
848 1392 943 1437 essent
956 1383 1081 1438 daturae.
1113 1384 1151 1436 Et
1164 1381 1205 1435 sic
1220 1381 1333 1435 Merke-

181 1456 235 1508 lius
260 1455 298 1508 ad
323 1455 374 1508 loc.
419 1453 531 1507 Eodem
553 1454 610 1507 iere
629 1453 715 1507 modo
734 1453 802 1507 dum
821 1453 849 1506 in
871 1453 955 1507 undis
974 1453 1094 1507 iactatur
1115 1451 1240 1506 marinos
1263 1452 1333 1506 deos

181 1527 328 1595 alloquens
348 1523 416 1578 dicit
434 1525 553 1579 Mittere
573 1541 616 1577 rne
635 1525 751 1594 Stygias
769 1526 798 1577 si
816 1525 874 1577 iarn
896 1525 1032 1578 ualuisset
1050 1524 1090 1577 ad
1108 1524 1201 1577 undas
1220 1523 1334 1591 Caesar,

181 1597 213 1650 iu
226 1595 651 1665 lacuestrananeguissetape.
688 1596 735 1648 Tr.
748 1594 765 1648 i.
780 1609 803 1648 2.
817 1595 861 1663 65,
873 1595 899 1649 6.
956 1598 1205 1659 strangulatione
1219 1597 1335 1657 liquor.

183 1666 231 1721 Sic
260 1666 296 1721 de
329 1666 416 1718 Paeto
446 1664 632 1734 naufragante
663 1664 824 1734 Propertius
855 1664 895 1719 iii.
919 1677 944 1730 7.
971 1678 1002 1734 52
1028 1666 1071 1719 Et
1098 1665 1186 1718 miser
1207 1665 1334 1718 inuisam

181 1738 275 1790 traxit
297 1734 394 1790 ltiatus
417 1752 530 1804 aquam,
554 1736 587 1804 56
610 1735 681 1790 Cum
706 1735 873 1789 marz'bunda
894 1737 978 1806 niger
996 1735 1137 1789 clauderet
1157 1751 1210 1788 ara
1230 1735 1334 1804 lzauar.

181 1809 251 1862 503.
270 1809 429 1872 superaris
441 1804 574 1861 euaseris.
611 1805 705 1874 Agric.
717 1806 800 1860 xxxiii
818 1807 974 1876 Superesse
985 1812 1098 1861 tantum
1110 1808 1230 1872 e'tinerts,
1243 1806 1335 1859 siluas

180 1878 309 1946 euasisse,
328 1877 463 1931 transisse
479 1878 630 1930 aestuaria.
729 1879 799 1930 594.
818 1880 924 1932 humo.
955 1879 1027 1931 Aen.
1039 1876 1074 1930 vi.
1089 1889 1122 1945 35
1126 1888 1139 1945 5
1160 1877 1228 1930 Tres
1239 1877 1335 1929 Natus

180 1947 312 2002 lte'bernas
334 1949 462 2001 inmensa
481 1950 538 2016 per
559 1963 682 2016 uqtrara
706 1953 797 2001 noctes
823 1948 904 2002 Venit
927 1964 970 2001 me
993 1948 1135 2001 uiolentus
1158 1964 1254 2016 aqna:
1281 1946 1337 1999 nix

181 2019 289 2072 lumine
309 2022 411 2087 quarta
429 2018 570 2086 Prospeui
587 2017 705 2071 Italiam
726 2027 838 2072 summa
858 2018 988 2072 sublimis
1007 2018 1041 2071 ab
1063 2018 1148 2073 unda.
1184 2016 1334 2070 Paulatim

181 2089 321 2141 adnabam
333 2094 446 2142 terrae:
464 2088 522 2140 iam
534 2093 599 2141 tnta
614 2088 746 2157 tenebam,
759 2089 805 2142 Ni
839 2105 888 2142 ens
905 2089 1026 2143 crreelelrs
1044 2089 1159 2142 madida
1177 2105 1241 2141 cnm
1260 2092 1335 2140 ueste

177 2163 337 2229 granatum
361 2158 599 2227 Prensantemqne
622 2160 703 2212 uncis
728 2161 858 2213 manius
877 2161 973 2229 capita
996 2163 1097 2228 aspera
1121 2160 1225 2212 mantis
1244 2159 1335 2211 Ferro

182 2229 340 2291 inuasisset,
349 2227 541 2296 praedamque
553 2229 658 2299 ignara
666 2232 802 2298 putasset.
886 2233 957 2283 595.
975 2233 1200 2284 eothumatum
1217 2234 1335 2292 uatem,

182 2297 251 2363 ¹Euri
274 2295 358 2351 idem.
393 2300 494 2353 tutela
505 2301 633 2363 Dianae,
643 2315 728 2354 canes
739 2300 785 2369 qui
797 2298 908 2354 Dianae
918 2300 1019 2354 aedem
1028 2300 1187 2367 tuebantur,
1197 2308 1227 2353 ut
1238 2316 1271 2354 ex
1283 2297 1335 2367 596

182 2314 320 2435 uigiium
333 2383 434 2421 canum
448 2377 573 2437 apparet,
583 2379 611 2423 et
623 2387 657 2424 ex
672 2371 746 2439 Hyg.
758 2383 809 2436 247
822 2372 978 2441 Euripides
989 2371 1201 2441 tragaediarum
1213 2372 1337 2439 scn'ptar

183 2436 216 2491 in
235 2437 359 2506 templo
377 2442 557 2509 consumptus
574 2444 621 2493 est.
660 2439 707 2494 Sic
728 2442 768 2495 M.
781 2439 838 2495 viii.
852 2455 900 2508 711
917 2442 1016 2510 templi
1026 2442 1116 2495 tutela
1125 2441 1205 2507 fuere
1218 2440 1335 2508 (Baucis

183 2517 211 2561 et
226 2505 393 2575 Philemon),
407 2507 436 2563 id
455 2509 531 2591 quod
549 2509 706 2578 petiuerant
720 2523 779 2579 707,
792 2512 864 2565 Esse
880 2513 1040 2579 sacerdotes,
1053 2511 1223 2581 delubraque
1238 2517 1335 2565 nestra

183 2578 433 2643 tnertl'asctmns,·
454 2595 494 2633 sic
509 2581 550 2633 M.
563 2579 600 2635 iii.
614 2580 665 2647 617
675 2581 779 2651 flauns
791 2586 898 2652 prorae
913 2583 1002 2636 tutela
1020 2581 1194 2636 Melanthus.
1232 2580 1290 2635 ‘Or
1302 2598 1334 2635 as

183 2649 231 2703 the
246 2648 383 2703 wrathiull
396 2648 503 2717 dogges
518 2651 578 2705 that
593 2651 661 2721 kept
676 2651 785 2706 Dianas
798 2652 909 2722 thinges
927 2652 956 2706 in
973 2669 1080 2722 peace:
1100 2654 1134 2706 In
1149 2669 1250 2722 peeces
1267 2668 1335 2720 may

183 2719 346 2801 thee‘teare,
360 2735 391 2775 as
404 2735 475 2775 once
488 2722 555 2791 they
567 2721 616 2776 did
630 2722 798 2792 Euripides!
825 2725 857 2778 T.
868 2723 1057 2777 Vnderdown.
1096 2725 1163 2776 Non
1176 2731 1219 2776 est
1233 2722 1334 2777 ‘canes

184 2805 230 2872 qut
249 2805 276 2843 in
294 2790 381 2845 tutela
394 2801 473 2846 erant
488 2791 616 2862 Dianae,’
628 2792 680 2849 etsi
696 2810 909 2864 nonnumquam
922 2793 963 2847 sic
976 2803 1126 2863 usurpatur
1137 2794 1234 2861 tutela,
1248 2792 1333 2848 Trist

184 2875 200 2913 1.
223 2870 261 2917 to.
281 2876 302 2927 1,
325 2878 377 2915 nec
399 2879 462 2917 raro
479 2863 593 2919 struitur
614 2881 679 2918 cum
698 2864 831 2933 genitiuo,
851 2863 898 2935 qui
919 2863 1029 2932 dicitur,
1049 2863 1176 2931 subiecti,
1195 2873 1225 2917 ut
1244 2863 1335 2917 tutela

183 2930 291 3002 Priapi
302 2932 334 2987 G.
350 2930 384 2987 iv.
403 2948 459 3001 111,
472 2939 490 2988 t.
504 2935 620 2989 dranum
635 2937 712 2990 Grat.
727 2949 787 3004 407,
800 2936 851 3000 482
865 2952 871 3001 ;
894 2951 980 2989 canes
998 2943 1093 2988 autem
1112 2934 1224 2988 Dianae
1237 2950 1335 2988 sacros

183 3000 270 3057 luisse
283 3002 461 3059 notissimum
475 3015 525 3061 est.
557 3006 666 3060 Eudoc.
679 3005 752 3060 Viol.
761 3005 796 3061 iv.
810 3006 846 3059 de
856 3004 951 3059 Diana
960 3005 1104 3059 uenatrice
1117 3022 1205 3075 agens
1218 3005 1335 3074 Συνῳδὸν

184 3069 212 3125 dl
224 3072 286 3129 τούτ
319 3075 360 3128 καὶ
377 3076 406 3129 τὸ
423 3075 482 3131 rotis
499 3074 573 3132 κύνας
589 3076 672 3146 ἱεροὺς
688 3077 765 3144 auris
780 3077 941 3144 νομισθῆναι,
953 3078 1019 3145 πρός
1035 3097 1063 3130 τε
1079 3076 1125 3130 τὰς
1137 3074 1216 3143 θύρας
1227 3075 1336 3144 ἔχοντας

184 3095 331 3210 ε’πιτηδεῖυι
344 3145 384 3201 καὶ
396 3145 533 3217 ἀγρυπνεῖν
549 3148 577 3201 ἐν
593 3150 648 3202 ταῖς
663 3149 718 3215 νυξὶ
731 3148 772 3201 καὶ
783 3148 902 3201 ὑλακτεῖν
913 3148 1069 3215 πεφυκότας.
1106 3148 1154 3200 Ar.
1169 3147 1242 3200 Ran.
1258 3145 1334 3212 1360,

185 3213 263 3271 Grat.
283 3216 424 3286 483-496:
453 3218 575 3288 denique
597 3216 748 3287 Euripides
770 3234 787 3272 a
807 3217 941 3272 Molossis
960 3216 1117 3286 discerptus
1137 3215 1239 3270 dicitur
1257 3216 1335 3297 quod

184 3300 273 3367 genus
287 3304 389 3342 canum
403 3288 572 3343 uenantibus
585 3288 764 3343 utilissimum
777 3297 845 3343 erat.
916 3291 986 3342 596.
1004 3291 1149 3342 Dilaniet.
1183 3286 1335 3356 Euripides

184 3370 213 3411 tn
225 3358 371 3413 Eormisco
383 3359 571 3413 Macedoniae
581 3361 790 3429 κυνοσπάρακτος
799 3357 918 3413 traditur
927 3357 1013 3412 tuisse
1023 3375 1040 3413 a
1050 3358 1167 3412 canibus
1178 3373 1249 3426 quos
1261 3357 1335 3410 ἐστε-

183 3428 256 3496 ρικὰι
268 3428 432 3484 uocitabant
446 3430 620 3485 Macedones
634 3429 743 3500 (Steph.
758 3432 789 3484 B.
799 3447 820 3483 s.
831 3447 857 3484 u.
871 3429 1036 3498 Βορμίσκος).
1069 3428 1276 3482 Hermesianax
1289 3444 1335 3497 ap.

184 3499 288 3556 Athen.
307 3502 356 3570 598
377 3501 472 3554 Εἰσόκε
490 3501 535 3553 σοὶ
553 3501 657 3570 δαίμων,
677 3500 809 3571 Εὐριπίδη,
831 3496 911 3570 εὕρετ’
930 3498 1039 3588 ὄλεθρον
1055 3497 1198 3567 Ἀρφιβίου
1216 3505 1336 3620 αὛῶν

185 3567 333 3625 ἀντιάσαντι
354 3576 443 3625 κυνῶν.
483 3572 569 3628 Anth.
589 3574 618 3626 P.
636 3571 688 3626 vii.
701 3586 744 3638 44.
764 3586 779 3624 2
801 3571 852 3623 Kal
872 3591 904 3623 σε
922 3568 1108 3640 λυκορραῖσται
1127 3569 1229 3623 δεῖπνον
1246 3568 1261 3621 ἔ
1277 3589 1336 3622 εντα

185 3638 265 3696 κύνει.
302 3643 374 3697 Gell.
395 3661 438 3696 xv.
461 3656 503 3696 20.
524 3657 542 3711 9
567 3643 598 3696 Is
622 3659 685 3696 cnm
707 3644 739 3695 in
760 3641 928 3695 Macedonia
949 3641 1030 3710 apud
1046 3639 1221 3694 Archelaum
1242 3655 1336 3710 regem

184 3718 253 3765 esset
271 3717 451 3783 utereturque
467 3730 498 3766 ea
516 3729 569 3766 ren
575 3713 770 3784 familiariter
783 3713 892 3766 rediens
910 3718 987 3765 nocte
1004 3711 1038 3764 ab
1058 3713 1119 3764 eins
1136 3727 1203 3764 cena
1220 3710 1337 3764 canibus

185 3799 204 3835 a
220 3783 341 3851 quadarn
357 3784 468 3837 aemula
484 3785 609 3837 inmissis
625 3784 796 3837 dilaceratus
811 3787 857 3837 est.
896 3783 954 3836 Res
971 3781 1049 3836 uarie
1066 3780 1170 3835 tradita
1186 3790 1228 3835 est
1241 3800 1248 3846 ;
1266 3796 1334 3834 nam

185 3860 216 3906 ut
236 3853 365 3908 omittam
384 3871 433 3908 eos
450 3852 497 3924 qui
519 3862 549 3906 ut
566 3853 700 3908 Addaeus
719 3855 804 3908 Anth.
825 3855 855 3908 P.
873 3852 918 3907 vii.
937 3865 966 3921 51
988 3853 1131 3922 negabant
1149 3857 1263 3921 poetam
1285 3859 1334 3905 aut

185 3938 204 3976 a
219 3922 337 3978 canibus
350 3934 397 3978 aut
410 3942 428 3978 a
440 3923 552 3978 feminis
566 3924 738 3994 discerptum
753 3941 824 3992 esse,
838 3923 988 3993 scriptores
1006 3922 1082 3977 uitae
1096 3921 1248 3991 Euripidis,
1262 3937 1335 3990 quos

186 3993 352 4048 Dindorfius
372 3994 400 4047 in
421 3995 514 4049 Schol.
534 3996 566 4049 T.
585 3994 601 4049 i.
622 4012 669 4064 pp.
686 4008 751 4064 1-15
771 3994 884 4049 exhibet
902 3993 1033 4064 quinque,
1053 4010 1110 4047 non
1130 3993 1203 4047 inter
1220 4009 1250 4046 se
1268 4008 1335 4045 con·

185 4064 317 4119 sentiunt.
369 4067 480 4119 Horum
504 4064 610 4135 primus
635 4064 703 4120 dicit
727 4064 858 4120 Archelai
888 4082 991 4135 uagam
1019 4081 1119 4119 canem
1149 4061 1334 4117 Molossicam

186 4151 251 4189 cum
273 4136 399 4190 Thraces
418 4134 509 4205 patrio
527 4153 606 4190 more
624 4146 798 4191 mactassent
819 4135 1066 4206 comedissentque
1085 4143 1112 4188 et
1134 4133 1170 4187 ab
1191 4133 1334 4186 Archelao

185 4207 300 4260 talento·
314 4208 505 4276 multarentur,
528 4206 693 4277 Euripidem
718 4208 836 4261 multam
860 4206 1059 4276 deprecatum:
1092 4214 1192 4274 postea
1212 4203 1281 4257 dum
1303 4202 1333 4258 in

185 4293 302 4331 nemore
327 4277 379 4345 (sic
401 4277 487 4331 etiam
512 4277 638 4347 quartus)
659 4276 832 4347 conquiescit
854 4275 983 4330 uenantis
1004 4274 1136 4330 Archelai
1158 4273 1276 4329 canibus
1298 4290 1333 4328 ex

186 4365 257 4402 cane
279 4347 326 4402 illa
347 4347 430 4402 editis
450 4348 623 4403 dilaniatum.
663 4348 785 4416 Tertius,
804 4357 889 4401 noctu
909 4347 945 4402 ab
963 4347 1104 4400 Archelao
1127 4345 1293 4399 redeuntem
1314 4361 1333 4399 a

185 4418 260 4487 regis
282 4418 399 4473 canibus
421 4418 556 4488 periisse;
584 4418 705 4488 quintus,
730 4418 877 4472 insidiatos
899 4417 924 4472 ei
946 4417 1018 4471 duos
1042 4425 1141 4486 poetas
1163 4414 1331 4469 Arribaeum

188 4489 388 4560 Macedonem,
414 4490 583 4545 Thessalum
609 4491 759 4545 Crateuam
787 4487 963 4560 persuasisse
990 4504 1073 4555 seruo
1100 4485 1233 4542 Archelai
1262 4485 1329 4556 Lysi
