3038 5010
181 383 237 439 172
642 375 864 440 EXCVRSVS.

179 551 352 607 quamquam
380 533 470 603 potuit
495 535 572 603 Eryx
600 531 826 587 Erechthides
849 529 953 600 uocari,
978 530 1038 586 siue
1063 530 1140 601 quod
1164 529 1329 587 Ποσειδῶνος

178 605 322 676 Ἐρεχθέως
335 606 435 674 (Tzetz.
453 605 490 659 ad
509 606 574 672 Lyc.
591 604 648 672 158,
667 604 792 671 Hesych.
805 600 942 672 Ἐρεχθεὺς
959 602 1094 656 Ποσειὸῶν
1112 601 1139 655 έν
1153 599 1280 670 Ἀθήναις)
1295 620 1329 656 ex

180 679 300 745 Venere,
319 675 378 730 siue
397 675 473 745 quod
491 677 582 728 Butae
601 673 673 727 filius
691 673 806 728 habitus
824 683 866 728 est
880 670 966 742 (Seru
982 672 1020 726 ad
1032 674 1103 728 Aen.
1116 691 1142 731 ν..
1155 671 1209 739 24).
1251 674 1328 725 Nam

181 746 344 813 Pandionis,
358 745 431 815 regis
445 744 668 812 Atheniensium,
682 743 730 797 filii
744 746 840 812 Butes,
854 745 1029 797 Erechtheus
1041 761 1048 810 ;
1068 742 1220 797 Erechthei
1233 753 1329 797 autem

180 817 273 872 fratris
293 827 398 882 natam,
419 815 598 882 Chthoniam,
618 814 696 868 duxit
715 816 821 881 Butes;
847 814 989 883 (Apollod.
1008 813 1046 868 iii.
1069 828 1100 880 14
1119 824 1146 868 et
1169 814 1225 882 15):
1252 815 1329 882 Eryx

181 888 273 957 igitur,
286 887 310 940 si
322 886 405 940 huius
419 888 509 939 Butae
523 885 595 940 filius
613 885 727 938 habitus
746 895 789 939 est
802 902 819 938 a
832 884 967 954 scriptore
982 883 1079 952 Ibidis,
1094 885 1132 953 (et
1149 883 1248 953 potuit,
1261 901 1329 938 nam

182 961 270 1012 Butes
287 958 311 1011 is
329 974 413 1026 quem
425 956 592 1025 Apollonius
611 955 684 1009 inter
695 957 874 1024 Argonautas
887 965 1015 1009 recenset
1028 954 1043 1008 i.
1059 968 1091 1024 95
1106 965 1133 1009 et
1145 954 1329 1008 Atheniensis

181 1029 254 1082 filius
266 1027 319 1082 fuit
331 1038 359 1081 et
376 1028 517 1081 aVenere
530 1025 654 1095 Erycina
670 1043 704 1079 ex
720 1025 800 1094 mari,
813 1025 842 1079 in
859 1026 936 1096 quod
951 1042 982 1079 se
995 1025 1153 1080 coniecerat
1171 1036 1200 1079 ut
1215 1025 1329 1078 Sirenas

181 1099 280 1167 adiret,
294 1097 395 1152 dicitur
408 1107 535 1151 seruatus
547 1097 633 1151 fuisse
646 1095 682 1151 iv.
695 1110 748 1164 910
760 1112 830 1167 sqq,
844 1097 878 1150 cf.
892 1097 971 1150 Seru.
984 1096 1022 1149 ad
1033 1098 1104 1150 Aen.
1118 1114 1143 1150 v.
1157 1094 1211 1163 24‚)
1224 1095 1329 1149 Erech·

181 1169 272 1231 theutes
288 1169 346 1222 iure
360 1185 411 1221 suo
424 1167 518 1221 uocari
531 1167 641 1220 meruit.
679 1166 905 1237 Colebanturque
921 1165 1021 1220 uicinis
1040 1166 1096 1220 aris
1110 1166 1251 1221 Poseidon
1265 1183 1330 1219 curn

182 1240 343 1295 Erechtheo
362 1249 389 1292 et
404 1240 490 1292 Butes
503 1237 623 1292 Athenis
636 1247 708 1291 teste
722 1239 804 1293 Paus.
818 1237 835 1291 i.
850 1237 891 1290 26.
907 1249 930 1305 5.

217 1313 262 1364 An
282 1309 460 1363 retinendum
478 1318 521 1362 est
539 1307 735 1380 Echecrate'des
750 1318 778 1362 et
795 1325 829 1362 ea
846 1306 1051 1375 significatione
1064 1306 1261 1377 explicandum
1274 1324 1331 1377 qua

183 1380 348 1450 Euphorion
368 1379 519 1447 κακοζηλως
541 1380 673 1432 Iasonem
695 1379 805 1447 ναυαγὸν
826 1377 894 1431 dixit
917 1377 996 1446 quasi
1018 1382 1079 1431 ναῦν
1100 1379 1203 1446 άγοντα,
1225 1379 1330 1431 oliuam

181 1452 355 1522 γλαυκώπιδα,
372 1460 496 1504 aratrum
514 1448 677 1517 ἐνοσίχθονα,
697 1448 851 1518 Dionysius
870 1457 1006 1517 tyrannus
1025 1447 1163 1516 uirginem
1181 1449 1331 1518 μένανδρον,

182 1523 343 1576 columnam
373 1521 534 1589 μενεκράτην,
558 1519 680 1572 iaculum
710 1521 877 1584 βαλλάντιον,
901 1517 1022 1572 murium
1053 1519 1170 1572 latibula
1193 1520 1330 1588 μυστήρια,

184 1592 321 1660 (Meinek.
341 1592 395 1645 An.
415 1592 493 1644 Alex.
512 1606 539 1658 p.
557 1589 635 1658 136)?
671 1588 720 1660 Sic
736 1589 844 1642 Atreus
862 1590 970 1643 Hector
985 1591 1032 1642 Hi
1045 1591 1182 1659 padamia
1200 1590 1334 1657 Antenor

184 1664 299 1733 Cyclops
322 1662 470 1714 Diomedes
492 1658 680 1714 Aristarchus
708 1660 862 1729 Agesilaus
894 1661 1019 1713 Telemae
1038 1678 1072 1713 us
1101 1677 1153 1728 pro
1183 1660 1331 1714 adiectiuis

182 1742 317 1802 usurpata
329 1732 415 1785 fuisse
428 1731 511 1784 docet
525 1748 559 1785 ex
570 1732 674 1785 Athen.
685 1732 727 1798 98,
741 1745 776 1798 99
788 1730 864 1784 idem
879 1730 1038 1784 Meinekius
1052 1730 1089 1784 ad
1103 1731 1228 1799 Euphor.
1241 1731 1272 1784 fr.
1287 1743 1330 1799 95.

184 1805 267 1858 Certe
286 1819 342 1855 non
364 1801 504 1855 immerito
523 1801 703 1871 Ἐχεκρατίδης
722 1803 798 1869 Eryx
816 1801 961 1855 uocandus
980 1811 1040 1855 erat
1059 1800 1106 1870 qui
1128 1811 1331 1870 praepotens

182 1873 308 1928 uiribus
321 1873 445 1926 aduenas
456 1872 591 1926 caestibus
600 1873 775 1953 prouocabat
786 1873 927 1941 uictosque
937 1873 1094 1942 perimebat
1106 1872 1196 1939 (Seru.
1210 1871 1247 1925 ad
1259 1873 1331 1926 Aen.

182 1945 200 2000 i.
216 1945 276 2014 570)
290 1944 335 1998 uel
352 1943 479 1996 uiribus
497 1943 566 1996 suis
584 1942 694 1995 sidens
710 1942 798 2013 legem
810 1945 910 2011 paruit
921 1942 1095 1995 uem'entibas
1107 1942 1147 1995 ad
1156 1959 1184 1994 se
1196 1947 1229 1995 ut
1240 1958 1332 1995 secum

182 2015 317 2070 caestibus
328 2015 500 2067 decertarent
512 2013 616 2082 (Myth.
624 2014 689 2066 Vat.
700 2013 718 2067 i.
728 2012 782 2081 94).
808 2015 886 2066 Nam
898 2022 928 2066 ut
940 2014 1105 2083 Egestzades
1113 2013 1158 2066 uel
1170 2012 1198 2065 Α
1202 2014 1332 2066 cestz'ades

183 2086 305 2141 scribam
318 2085 364 2136 uix
377 2084 510 2138 adducor.

218 2156 264 2209 Ad
282 2158 351 2219 307,
365 2158 393 2208 8.
413 2156 555 2210 Incertum
569 2163 611 2207 est
624 2170 680 2223 quo
692 2152 831 2223 pertineat
845 2154 926 2208 Phot.
940 2153 1011 2207 Bibl.
1025 2171 1053 2223 p.
1068 2166 1119 2222 530
1132 2153 1251 2208 Bekker.
1271 2152 1339 2212 ὀτι

183 2225 263 2294 ὄνομα
279 2225 430 2294 θεραπαίνης
443 2223 593 2287 Πηλούσιον
604 2223 643 2289 ἦν,
657 2222 688 2277 δι’
701 2223 729 2291 ἧς
742 2227 755 2276 ὁ
769 2225 913 2292 Μολοσσὸς
926 2223 1029 2293 Πὺρῤος
1043 2224 1127 2277 ἀνεῖλε
1144 2225 1270 2293 φαρμάκῳ
1286 2225 1333 2290 τὴν

182 2295 286 2366 μητέρα.
337 2295 367 2348 Si
391 2294 429 2348 ad
455 2296 592 2362 Pyrrhum
618 2296 657 2361 ll,
682 2294 806 2348 conicias
832 2294 1031 2364 Olympiadem
1058 2303 1209 2364 postquam
1233 2294 1334 2363 Tigrin

183 2366 305 2420 amicam
328 2365 376 2418 filii
398 2381 508 2418 ueneno
530 2375 667 2429 necasset,
690 2365 782 2434 ipsam
803 2375 903 2435 postea
924 2383 942 2419 a
963 2365 1020 2419 filio
1042 2382 1097 2435 ope
1119 2364 1223 2418 Pelusii
1247 2365 1333 2419 inter-

183 2447 309 2504 emptam
323 2452 394 2489 esse.
433 2435 492 2488 Sed
503 2436 557 2488 hoc
571 2435 713 2490 discordat
727 2453 790 2489 cum
805 2435 918 2490 Ouidio

221 2509 303 2560 Certe
316 2523 372 2558 non
386 2516 479 2574 potest
492 2523 594 2575 nepos
611 2506 692 2560 dicti
710 2507 806 2559 modo
823 2506 910 2574 regis
924 2506 961 2559 ad
976 2504 1189 2574 Hieronymum,
1204 2505 1302 2573 Pyrrhi
1318 2508 1330 2560 I

184 2595 218 2631 ex
231 2577 288 2630 filia
302 2576 426 2630 Nereide
439 2586 580 2645 nepotem,
593 2586 742 2645 tyrannum
757 2577 974 2645 Syracusanum,
987 2576 1091 2630 referri.
1130 2578 1159 2629 ls
1176 2575 1252 2630 enim
1265 2593 1334 2631 con-

131 2697 137 2710 ,
183 2649 276 2702 fossus
289 2647 450 2700 uulneribus
463 2647 545 2716 periit
559 2647 587 2699 in
600 2648 682 2701 turba
696 2646 850 2715 Leontinis,
863 2657 935 2701 teste
949 2646 1029 2701 Liuio
1042 2647 1114 2702 xxiv.
1127 2659 1152 2712 7.

221 2718 278 2771 Sed
297 2716 482 2786 explicatione
502 2717 646 2786 Saluagnii
669 2717 763 2771 inueni
786 2734 858 2788 quae
879 2717 979 2772 melius
1000 2719 1045 2772 uel
1066 2727 1141 2771 certe
1160 2733 1217 2770 non
1239 2716 1334 2771 minus

183 2787 277 2842 locum
290 2788 462 2857 expedirent.
491 2789 658 2858 Lycophron
672 2788 756 2857 enim,
768 2789 804 2843 de
811 2789 913 2857 Vlysse
926 2799 1036 2844 mortuo
1047 2787 1153 2856 dicens,
1162 2789 1234 2843 haec
1246 2788 1336 2847 habet

184 2860 228 2923 Al·
242 2872 294 2929 799

432 2929 528 2983 Μάντιν
547 2929 575 2982 ὸὲ
593 2930 681 2999 νεκρὸν
698 2929 813 3000 Εὖρυτὸν
831 2928 926 2999 στέψει
945 2931 1019 3000 λεώς,

426 2997 460 3051 '0
478 2997 501 3053 τ’
513 3001 574 3054 αἰπὺ
593 3002 668 3053 ναίων
685 2999 821 3070 Τρομπόας
838 2999 964 3068 ε’ὸέθλιον,

430 3067 475 3122 Ἐν
491 3066 509 3138 ἧ
526 3068 584 3126 ποτ’
596 3069 668 3125 αὖθις
683 3069 801 3140 Ἠρακλῆ
820 3071 912 3139 φθίσει
931 3071 1030 3140 δράκων

430 3143 563 3210 Τυμφαῖος
580 3142 608 3194 έν
625 3140 740 3208 θοίνῃσιν
758 3141 866 3195 Αίθίκων
883 3144 991 3211 πρόμος,

430 3211 483 3263 Τὸν
501 3212 612 3264 Αἰακοῦ
629 3233 657 3265 τε
676 3212 741 3267 κάπὸ
760 3214 882 3279 Περσέως
900 3215 1001 3280 σπορᾶς

433 3283 481 3334 Kal
499 3284 640 3350 Τημενείων
658 3284 703 3335 οῦκ
721 3283 822 3336 ἄπωθεν
840 3283 959 3349 αἱμάτων.

186 3353 245 3409 Ubi
264 3355 377 3407 Tzetzes
396 3351 424 3404 έν
441 3347 507 3419 ᾗτινι
523 3352 655 3422 Τραμπυίᾳ
673 3354 735 3407 ποτὲ
754 3351 833 3419 αὖθις,
850 3353 941 3421 φθίσει
960 3352 1001 3405 καί
1017 3351 1110 3422 φθερεῖ
1126 3352 1154 3407 έν
1166 3354 1276 3409 θοίναισι
1294 3355 1335 3408 καὶ

185 3425 302 3494 εὐωχίαις
320 3427 335 3476 ὁ
353 3423 452 3492 δράκων
469 3425 482 3474 ὁ
499 3425 632 3492 Τυμφαῖος
647 3425 688 3476 καὶ
702 3420 869 3495 Ἠπειρώτης,
884 3425 939 3491 ἤτοι
956 3425 970 3476 ὁ
987 3424 1219 3494 Πολυσπέρχωυ,ὁ
1235 3429 1335 3495 πρόμος

185 3497 225 3549 καὶ
243 3498 257 3548 ὁ
273 3497 408 3566 πρόμαχος
424 3498 475 3545 τῶν
488 3492 596 3547 Αἷθίκων
613 3494 653 3546 καί
665 3491 838 3564 Ἠπειρωτῶν.
874 3495 935 3546 Τίνα
952 3492 1059 3563 φθίσεις
1081 3497 1127 3549 τὸν
1137 3495 1277 3566 Ἡρακλέα,
1289 3497 1338 3548 τὸν

184 3565 235 3620 άπὸ
248 3567 293 3633 τῆς
305 3567 405 3635 σπορᾶς
416 3567 463 3616 τοῦ
475 3563 570 3616 Αἰακοῦ
583 3565 624 3616 καὶ
636 3565 767 3633 Περσέως,
781 3565 821 3617 καὶ
834 3565 863 3618 οῦ
875 3563 964 3635 πόρρω
976 3570 1027 3619 τῶν
1036 3566 1146 3631 αἱμάτων
1158 3571 1203 3620 τοῦ
1212 3565 1337 3636 Τημένου.

184 3633 219 3688 ‘H
237 3636 264 3689 δὲ
282 3635 385 3704 ἱστορία
400 3632 511 3702 τοιαύτη.
549 3633 721 3705 Ἀλεξάνδρου
732 3639 778 3689 τοῦ
792 3635 937 3690 Μακεδόνος
949 3636 990 3688 καὶ
1005 3637 1132 3706 Βαρσίνης
1146 3640 1192 3705 τῆς
1204 3637 1336 3706 Περσίδος

185 3707 239 3761 υίὸς
254 3705 355 3775 ἐγένετο
372 3703 526 3772 καλούμενος
535 3703 679 3777 Ἡρακλῆς,
688 3705 718 3760 ὸν
729 3705 813 3759 ἀνεῖλε
826 3704 938 3760 καλέσας
951 3706 985 3760 είς
997 3706 1099 3760 δεῖπνον
1111 3706 1308 3778 Πολυσπέρχων
1320 3708 1339 3759 ό

185 3778 327 3844 Τυμφαῖος,
337 3775 445 3828 Αίθίκων
453 3776 588 3843 βασιλεὺς,
598 3779 762 3847 χαριζόμενος
773 3776 943 3849 Κασσάνδρῳ.
965 3779 1039 3832 Tum
1052 3778 1090 3832 ad
1103 3778 1213 3848 δράκων]
1224 3780 1238 3830 ὁ
1248 3779 1337 3830 Πολυ-

186 3846 318 3915 σπέρχων,
331 3847 372 3898 διὸ
388 3847 418 3898 τὸ
435 3846 507 3900 ίῶὸες
522 3851 573 3900 τῶν
589 3848 739 3916 φαρμάκων,
751 3847 785 3901 ὧς
798 3849 942 3917 φαρμάκοις
958 3848 1035 3901 αὐτὸν
1050 3848 1156 3904 ἀνελών.
1181 3850 1219 3903 Et
1232 3848 1269 3903 ad
1282 3849 1338 3916 803

185 3919 231 3970 τὸν
242 3915 358 3984 Ἡρακλῐη
371 3920 462 3968 τοῦτον
474 3915 524 3970 άπὸ
536 3915 629 3984 ταῦτης
642 3918 714 3986 λέγει
732 3917 889 3988 κατάγεσθαι
901 3920 946 3990 τῆς
958 3920 1054 3987 σειρᾶς,
1068 3918 1108 3972 ὅτι
1120 3921 1135 3972 ὁ
1147 3918 1238 3973 τούτου
1252 3919 1337 3988 πατὴρ

187 3984 358 4055 Ἀλέξανδρος
370 3988 384 4037 ὁ
397 3986 528 4055 Μακεδὼν,
541 3989 604 4040 κατὰ
618 3989 665 4056 μέν
676 3990 720 4041 τὸν
731 3985 829 4056 πατέρα
844 3988 880 4043 εἷς
890 3985 1022 4056 Ἠρακλέα
1035 3990 1076 4042 καὶ
1088 3989 1192 4060 Περσέα
1205 3988 1292 4059 ἀνάγει
1305 3990 1336 4042 τὸ

186 4058 269 4129 γένος·
287 4056 350 4108 κατὰ
362 4057 390 4108 ὸέ
402 4056 506 4125 μητέρα,
519 4058 555 4112 είς
567 4061 749 4126 Νεοπτόλεμον
761 4058 802 4111 καὶ
813 4057 938 4128 Ἀχιλλέα
952 4059 992 4111 καὶ
1004 4057 1105 4114 Α’ίακον.

224 4128 309 4180 Hunc
324 4127 484 4195 Heraclem,
501 4127 633 4182 Barsines
650 4138 678 4183 et
694 4129 847 4182 Alexandri
866 4129 965 4199 Magni
982 4128 1078 4198 filium,
1092 4147 1202 4185 ueneno
1215 4129 1339 4183 exstinc-
1368 4134 1378 4149 '

186 4204 247 4251 tum
266 4196 294 4250 in
313 4196 402 4265 epulis
422 4214 439 4250 a
458 4198 676 4267 Polysperconte
695 4199 723 4253 in
741 4199 862 4268 gratiam
881 4200 1033 4255 Cassandri
1054 4201 1149 4270 (Paus.
1164 4200 1199 4257 ix.
1213 4213 1239 4268 7.
1251 4199 1278 4268 ν)
1298 4201 1338 4255 ab

188 4267 293 4322 Ouidio
306 4266 456 4335 significari
470 4269 555 4322 credo
567 4268 692 4338 potuisse
705 4269 748 4323 his
762 4269 863 4325 causis.

226 4353 248 4393 1.
273 4337 461 4391 Aeacidarum
483 4350 606 4406 gentem,
627 4340 748 4409 primum
771 4339 850 4410 Epiri
871 4358 961 4409 reges,
980 4340 1083 4396 deinde
1106 4341 1335 4411 Neoptolemum,

187 4408 336 4477 Achillem,
355 4409 481 4462 Aeacum
500 4427 550 4479 per
567 4420 686 4464 matrem
706 4410 807 4479 attigit.
844 4413 921 4465 Nam
941 4412 1091 4466 Plutarcho
1110 4423 1182 4467 teste
1200 4413 1298 4481 Pyrrh.
1317 4412 1336 4468 i.

188 4482 369 4550 Νεοπτόλεμος
384 4478 554 4551 ὁἈχιλλέως
569 4481 633 4535 λαὸν
649 4480 753 4555 ἀγαγὼν
768 4482 845 4539 αὐτός
860 4504 888 4536 τε
906 4482 953 4553 τὴν
968 4485 1055 4553 χώραν
1069 4482 1211 4556 (Epirum)
1225 4483 1338 4556 κάτασχε
