3038 5010
596 401 923 467 PROLEGOMENA.
1243 406 1333 466 xxxix

182 561 260 619 ibide
282 562 320 619 ab
337 561 548 636 Aegyptiorum
568 564 623 620 ritu
644 580 678 621 ac
700 581 781 621 more
803 563 976 621 discessisse.
1018 561 1060 619 Hi
1081 563 1158 620 enim
1180 572 1331 639 tamquam

182 660 295 701 sacram
310 643 540 713 uenerabantur;
563 654 649 718 atque
663 643 739 703 adeo
753 661 814 702 non
830 643 1002 702 inmundam
1015 643 1160 702 ducebant
1173 653 1206 702 ut
1220 660 1278 719 qua
1292 660 1330 700 ex

181 742 258 799 aqua
270 724 325 781 ibis
339 724 465 794 bibisset,
480 741 545 783 eam
561 724 653 784 solam
671 726 702 782 in
720 725 809 784 sacris
823 725 994 784 adhiberent
1006 722 1083 799 (Ael.
1098 723 1139 782 H.
1154 724 1190 783 A.
1205 724 1250 781 vii.
1267 719 1328 798 45).

182 804 273 875 Quod
282 805 367 879 igitur
376 805 436 862 ibin
445 805 559 863 induxit
569 818 718 882 tamquam
729 806 849 880 dIgnam
857 803 1203 871 deuotionibus,Graecos
1212 815 1329 864 secutus

180 886 293 943 uidetur
304 905 312 957 ;
335 904 403 943 nam
425 887 466 944 sic
488 885 699 962 Aristophanes
720 886 830 945 dixerat
846 884 913 953 Ἰβις
933 887 1078 960 Λυκούργῳ,
1099 897 1131 944 ut
1151 887 1278 945 alienum
1299 896 1329 946 et

180 966 358 1042 Aegyptium
378 976 499 1025 notaret.
541 967 622 1043 Ergo
642 979 691 1026 aut
709 967 839 1027 Graecus
856 969 969 1044 origine
986 967 1162 1044 Apollonius
1183 985 1245 1026 non
1265 967 1325 1037 fuit,

181 1047 261 1122 quod
282 1048 403 1106 fortasse
420 1047 546 1106 declarat
567 1049 656 1107 rarius
675 1050 749 1107 inter
765 1048 896 1107 Graecos
917 1067 1027 1107 nomen
1048 1049 1135 1124 patris
1156 1048 1245 1107 Hillei
1265 1048 1328 1108 siue

182 1128 258 1188 Sillei
280 1127 351 1208 (Vit.
373 1147 419 1204 ap.
445 1129 519 1187 Keil
544 1149 573 1206 p.
596 1127 677 1208 534),
702 1140 752 1188 aut
776 1148 844 1188 eum
868 1129 1064 1190 Callimachus
1088 1139 1238 1205 tamquam
1261 1135 1327 1202 βαρ-

179 1214 316 1283 βαρίζοντα
342 1228 398 1269 nec
425 1210 494 1268 satis
518 1208 630 1269 Graece
657 1211 818 1286 sapientem
845 1222 947 1270 notare
971 1212 1111 1270 uoluerat.
1163 1211 1241 1269 Nam
1266 1228 1326 1287 quo

180 1292 275 1367 magis
295 1292 358 1369 ipse
378 1292 557 1349 locutionem
579 1292 734 1351 affectabat
757 1293 838 1350 cuius
858 1301 887 1351 et
911 1293 1052 1368 exquisita
1074 1301 1103 1350 et
1122 1310 1191 1351 uere
1213 1290 1327 1350 Graeca

181 1381 210 1430 et
233 1384 331 1431 tamen
356 1373 472 1447 propria
496 1371 591 1431 sorma
615 1382 698 1444 esset,
721 1373 779 1432 hoc
799 1374 893 1432 acrius
917 1374 948 1430 in
972 1372 1114 1448 discipulo
1136 1374 1326 1432 insectatums

181 1453 233 1511 fuit
253 1454 459 1531 quodcumque
481 1453 528 1512 uel
550 1453 667 1513 sordere
688 1455 735 1512 uel
758 1455 845 1513 nimis
865 1472 973 1530 magna
993 1454 1110 1530 spirare,
1131 1455 1178 1512 uel
1200 1454 1326 1530 denique

180 1534 220 1591 ita
243 1535 281 1592 ad
305 1552 370 1594 suas
392 1545 467 1593 artes
488 1535 626 1594 accedere
647 1536 794 1605 iudicarat,
814 1545 847 1597 ut
870 1554 920 1594 eas
941 1546 1039 1594 tamen
1062 1553 1114 1610 per
1134 1535 1327 1594 imitationem

181 1615 349 1675 traduceret
392 1615 497 1691 Neque
522 1616 579 1675 hoc
603 1616 670 1675 ideo
694 1618 841 1693 inprobas,
865 1617 946 1693 quod
971 1616 1145 1694 Apollonius
1169 1625 1326 1692 postquam

182 1695 321 1756 Rhodum
342 1698 498 1768 secesserit,
519 1716 587 1756 uere
605 1697 735 1758 Graecus
755 1707 843 1775 poeta
865 1698 996 1757 euaserit.
1039 1696 1117 1756 Nam
1138 1714 1198 1773 quo
1219 1697 1327 1756 diutius

180 1777 255 1835 inter
279 1776 409 1837 Graecos
436 1789 632 1838 commoratus
657 1790 708 1849 est,
733 1778 791 1838 hoc
818 1780 882 1855 plus
907 1798 938 1838 se
962 1779 1121 1838 excolebat.
1163 1778 1223 1851 Qui
1247 1779 1271 1837 si
1295 1778 1327 1836 in

181 1857 264 1916 Ibide
278 1869 428 1935 tamquam
442 1859 599 1935 Aegyptias
612 1861 778 1919 diffamatus
792 1871 836 1920 est
850 1860 993 1920 aGraeco
1007 1869 1036 1918 et
1049 1860 1221 1933 βαρβαρίζων,
1232 1859 1328 1936 potuit

181 1937 376 1999 Callimachus
400 1951 431 2000 ut
455 1942 597 2000 inerudito
621 1941 791 2013 doctrinam,
818 1942 858 2001 sle
883 1941 1020 2018 Aegypto
1041 1940 1249 2000 Alexandriam
1272 1958 1327 2016 op·

181 2037 300 2096 ponere.
336 2021 385 2079 An
398 2032 427 2080 et
442 2021 571 2098 serapin,
586 2023 636 2100 qui
650 2023 722 2082 deus
736 2025 773 2082 ab
787 2023 991 2082 Alexandrinis
1009 2023 1193 2098 potissimum
1212 2021 1327 2081 coleba-

182 2112 235 2172 tur,
258 2103 359 2161 ceteris
379 2103 593 2180 Aegyptiorum
613 2105 781 2163 numinibus
805 2104 967 2180 opposuit?
1003 2103 1090 2162 Certe
1111 2103 1142 2161 in
1162 2103 1256 2163 anulis
1277 2103 1328 2180 qui

184 2181 331 2259 Serapidis
348 2195 436 2259 caput
455 2184 633 2260 Insculptum
653 2195 758 2261 gerunt
776 2186 930 2261 Inscriptus
948 2185 1046 2243 titulus
1065 2185 1167 2243 dicitur
1185 2184 1328 2259 aKingio

183 2261 323 2340 (Antiquc
332 2264 425 2324 Gems
434 2285 462 2342 p.
475 2268 547 2340 340)
562 2266 607 2325 his
617 2267 713 2325 uerbis
727 2277 832 2323 N1KAO
848 2275 989 2322 cAPAIIlc
1003 2276 1071 2321 ΤοΝ
1085 2275 1235 2323 ΦθοΝοΝ.
1259 2264 1329 2325 Hoc

183 2345 207 2404 si
226 2356 376 2421 tamquam
394 2349 543 2423 proprium
560 2365 666 2406 munus
682 2348 796 2424 Serapis
815 2347 922 2418 habuit,
937 2347 967 2405 id
988 2357 1087 2406 autem
1108 2364 1170 2405 non
1189 2346 1278 2405 semel
1298 2349 1329 2404 ln

183 2424 354 2486 Callimachi
369 2428 481 2503 scriptis
498 2428 642 2487 inuenitur
658 2438 690 2487 ut
705 2428 843 2487 Liuorem
861 2427 908 2487 uel
922 2428 1068 2488 Inuidiam
1085 2446 1103 2486 a
1123 2446 1154 2487 se
1168 2427 1330 2499 amoliatur,

183 2507 213 2564 in
227 2507 311 2567 huius
326 2526 443 2586 quoque
458 2509 548 2582 Ibide,
564 2510 605 2569 ric
619 2519 650 2568 ut
664 2511 695 2568 in
711 2509 865 2582 Ouidiana,
879 2509 960 2568 latuit
974 2509 1097 2568 fortasse
1112 2509 1232 2586 relligio.

735 2683 799 2757 IV.

223 2831 333 2891 Contra
353 2833 502 2891 inimicum
523 2851 616 2905 suurn,
638 2834 769 2910 quisquis
789 2833 849 2904 fuit,
871 2842 952 2892 tanto
974 2833 1068 2909 magis
1089 2830 1214 2891 Ouidius
1235 2832 1332 2890 saeui-

183 2921 263 2971 turus
284 2923 353 2982 erat,
368 2925 477 2989 quanto
494 2915 635 2973 maiorem
648 2916 782 2974 iniuriam
799 2914 998 2973 ulciscebatur.
1041 2911 1120 2971 Nam
1134 2912 1330 2973 Callimachus

182 2994 301 3052 riualem
321 2994 439 3053 ludebat
459 2997 557 3071 potius
578 3014 667 3073 quam
687 2996 796 3068 oderat,
811 3014 937 3071 eumque
958 2995 1075 3053 exulem
1096 2994 1172 3064 fecit,
1187 3011 1249 3052 non
1266 2993 1328 3069 ipse

183 3075 250 3133 exul
264 3077 302 3134 ab
316 3093 352 3134 eo
368 3074 460 3134 sactus
475 3087 527 3136 est.
570 3076 677 3137 Ouidio
697 3095 772 3153 quae
792 3077 907 3153 grauior
924 3086 1039 3152 poterat
1056 3075 1187 3133 accidere
1203 3075 1328 3134 iniuria?

182 3154 264 3215 Vidit
277 3174 309 3216 se
323 3175 360 3215 ex
375 3175 490 3215 summa
503 3157 618 3216 fortuna
631 3176 666 3216 ac
679 3158 812 3217 felicitate
826 3158 970 3217 deiectum
984 3164 1118 3231 repente;
1138 3154 1236 3213 Roma
1249 3155 1330 3213 abire

183 3237 279 3296 iussus
290 3248 333 3296 est
344 3238 435 3296 sedet
446 3238 541 3297 hleme
556 3249 585 3298 et
598 3240 628 3296 ln
641 3240 725 3298 locos
735 3239 882 3309 desertos;
901 3238 1031 3314 publicus
1045 3245 1134 3312 poeta
1147 3254 1184 3294 ex
1195 3236 1328 3295 omniurn

183 3329 343 3394 conspectu
364 3320 488 3378 secessit.
532 3319 611 3378 Nam
632 3320 814 3397 Cyrenaeum
835 3319 954 3395 quidem
975 3318 1131 3394 populares
1152 3317 1197 3376 sui
1216 3327 1328 3388 norant,

184 3410 268 3457 norat
281 3399 476 3473 Alexandria;
502 3402 596 3477 potuit
612 3402 699 3460 etiam
713 3402 843 3460 Athenas
864 3411 893 3458 et
911 3400 941 3458 in
955 3399 1057 3458 Asiam
1070 3398 1237 3474 insulasque
1251 3397 1329 3457 fama

183 3481 343 3556 peruenire.
385 3482 425 3539 At
445 3483 584 3542 Ouidium
605 3493 683 3542 totus
704 3493 844 3541 terrarum
867 3481 955 3552 orbis,
976 3480 1073 3538 omnis
1093 3481 1162 3539 urbs
1184 3478 1328 3539 Romanis

184 3561 299 3620 subdita
312 3562 489 3622 celebrabat:
512 3572 682 3639 tantumque
695 3564 768 3623 inter
782 3564 917 3640 aequales
931 3562 1086 3632 eminebat,
1100 3571 1132 3618 ut
1145 3569 1213 3640 post
1223 3559 1328 3636 Vergi-

182 3641 254 3700 lium
267 3643 481 3721 Horatiumque
494 3656 644 3723 tamquam
657 3648 761 3704 unicus
775 3657 863 3721 poeta
876 3652 1063 3720 spectaretur.
1098 3641 1163 3700 Iam
1176 3641 1329 3701 recordare

184 3724 276 3800 qualis
295 3726 338 3782 uir
356 3724 448 3796 fuerit,
464 3737 575 3803 quanto
594 3726 680 3796 cultu,
700 3745 789 3803 quam
808 3725 950 3802 exquisita
971 3734 1038 3796 arte,
1058 3723 1164 3795 studio,
1178 3722 1328 3795 doctrina;

183 3823 283 3864 rursus
297 3824 386 3883 quarn
401 3807 525 3883 simplex
538 3807 746 3884 candidusque,
761 3809 856 3882 plane,
870 3806 950 3883 quod
964 3806 1034 3865 dicit
1047 3805 1130 3864 Plato
1142 3801 1230 3883 (Rep.
1246 3802 1327 3882 495),

184 3889 235 3942 ὑπὸ
255 3892 341 3961 φυγης
364 3891 526 3962 καταληφθὲν
545 3894 661 3964 γενναῖον
680 3893 720 3945 καὶ
744 3890 772 3944 εὖ
794 3890 965 3963 τεθραμμένον
986 3887 1055 3958 ἦθος.
1106 3884 1186 3945 Nam
1209 3894 1242 3944 ut
1264 3887 1329 3962 ipse

184 3977 302 4028 testatur
317 3967 444 4028 Tristii
462 3973 520 4044 563
535 3989 599 4047 sqq.

347 4049 418 4108 Non
437 4069 495 4127 ego
515 4052 645 4110 mordaci
665 4051 802 4111 destrinxi
823 4051 950 4110 carmine
971 4065 1159 4125 quemquam,

389 4132 454 4191 Nec
475 4150 558 4191 meus
579 4132 662 4191 ullius
683 4133 804 4191 crimina
823 4149 924 4190 uersus
945 4129 1040 4189 habet.

347 4211 497 4272 Candidus
519 4233 537 4272 a
557 4213 665 4273 salibus
686 4214 803 4274 suffusis
824 4212 887 4283 lelle
908 4211 1010 4287 refugi.

389 4293 477 4352 Nulla
497 4305 643 4353 uenenato
664 4295 756 4352 littera
775 4295 866 4352 mixta
886 4293 952 4352 ioco
974 4302 1025 4351 est.

349 4375 429 4432 Inter
450 4385 492 4435 tot
513 4377 622 4452 populi,
644 4385 688 4434 tot
708 4377 806 4452 scripti
826 4374 915 4432 millia
936 4375 1034 4443 nostri,

391 4455 489 4527 Quem
510 4476 577 4517 mea
598 4457 728 4534 Calliope
748 4457 870 4525 laeserit,
891 4473 967 4514 unus
988 4473 1054 4530 ego.
