3038 5010
631 398 877 461 PRAEFATIO.
1302 407 1330 466 xi

180 559 286 618 macho
303 555 477 616 Philostrato
497 556 654 616 Heraclide
671 557 812 631 Pontico;
841 577 969 636 ususque
986 569 1029 618 est
1051 560 1166 620 scholiis
1184 563 1329 620 uberrime

181 652 306 712 Tzetzae
326 660 354 710 et
374 649 530 727 Apollonii,
553 650 604 709 sed
625 661 654 710 et
674 651 775 711 Iustini
796 652 934 727 Epitoma
948 652 1041 730 Trogi
1062 654 1203 731 Pompei,
1225 656 1329 732 quibus

180 746 252 804 nihil
273 745 311 804 ad
332 744 464 803 historias
485 744 573 802 hasce
594 744 891 822 indagandas.utilius
912 756 965 806 est.
1007 746 1095 806 Noua
1116 748 1218 807 adtulit
1239 749 1328 807 haec:

180 858 208 898 u.
228 853 286 914 305
309 838 345 898 de
367 837 549 914 Olympiade,
571 847 662 897 matre
684 838 842 897 Alexandri
864 839 975 917 Magni,
997 860 1015 900 a
1036 841 1192 902 Cassandri
1211 860 1330 918 percus·

181 934 292 993 soribus
307 932 443 992 confossa
459 933 659 1008 interpretatus
674 942 726 1004 est,
741 933 771 990 in
787 933 869 1010 quod
889 952 945 1011 ego
960 934 1088 1013 quoque,
1102 936 1236 994 nondum
1255 935 1330 994 lecta

181 1026 303 1086 Desselii
324 1026 520 1098 adnotatione,
541 1026 716 1084 incideram:
746 1045 773 1086 u.
795 1041 851 1104 417
875 1027 1022 1087 behomz'nz'r
1043 1030 1084 1088 sic
1105 1030 1231 1106 explicat
1255 1039 1329 1087 tam-

180 1138 269 1196 quam
289 1119 410 1178 alterum
429 1137 539 1178 nomen
553 1118 617 1178 Ims
636 1129 755 1196 propter
773 1130 973 1196 paupertatem
992 1123 1144 1199 acceperit,
1160 1123 1246 1182 allato
1261 1122 1329 1180 loco

181 1231 218 1272 ex
242 1213 405 1290 Aphthonii
429 1213 696 1290 Progymnasmatis
718 1213 752 1271 iv.
780 1220 873 1272 Σκόπει
895 1220 940 1273 τὸν
958 1215 1037 1290 Ἶρον,
1058 1217 1086 1276 ὃς
1105 1218 1204 1288 Ἰθάκης
1227 1220 1274 1288 μὲν
1294 1214 1330 1273 εἷς

181 1308 290 1381 ἐγένετο,
314 1309 360 1378 τὴν
382 1309 460 1375 αὐτὴν
483 1309 512 1363 δὲ
535 1312 589 1366 τοῖς
612 1308 703 1366 ἄλλοις
726 1311 843 1368 πολίταις
868 1313 898 1366 οὔ
926 1313 1117 1382 μετελάμβανεν
1141 1312 1235 1381 ίίδειαν,
1261 1312 1330 1366 ἀλλὰ

181 1407 306 1457 τοσοῦτον
319 1403 388 1476 αὐτῷ
401 1404 445 1471 τῆς
459 1401 555 1459 ἐνδείας
567 1405 668 1475 προσῆν
681 1402 715 1460 ὧν
727 1404 871 1473 μεταθεῖναι
884 1408 915 1474 τῇ
929 1405 1001 1474 πενίᾳ
1015 1405 1060 1474 τὴν
1073 1408 1173 1475 κλῆσιν.
1214 1404 1331 1477 Ἀρναῖος

182 1497 232 1568 γὰρ
250 1496 295 1565 τὴν
310 1496 392 1567 ἀρχὴν
407 1496 559 1567 προκληθεὶς
567 1492 637 1567 Ἶρος
653 1495 849 1567 μετωνομάζετο,
864 1498 909 1575 τὴν
925 1499 1082 1568 μετωννμίαν
1099 1499 1126 1553 ἐκ
1143 1501 1189 1553 τοῦ
1208 1500 1331 1554 διακονεῖν

183 1589 365 1659 κομισάμενοι
402 1605 429 1644 u.
457 1590 514 1662 467
543 1587 641 1646 locum
669 1587 832 1648 Philostrati
860 1588 897 1648 de
925 1589 1061 1648 mendico
1090 1608 1159 1648 sene
1186 1590 1330 1666 lapidibus

182 1682 287 1741 obruto
308 1681 417 1758 primus
438 1680 551 1740 uidetur
567 1682 715 1741 citauisse:
741 1701 768 1740 u.
785 1694 844 1756 473
866 1681 1012 1760 Sanguz'm
1032 1690 1114 1741 natus
1132 1683 1217 1741 eodem
1239 1683 1329 1760 expli-

183 1775 260 1833 cauit
279 1774 316 1833 de
329 1774 476 1851 Lycaone,
491 1774 607 1851 Pelasgi
626 1775 692 1846 filio,
708 1774 789 1834 Iouis
808 1786 925 1852 nepote,
940 1777 981 1834 sic
1000 1785 1032 1834 ut
1047 1776 1229 1847 Salmoneus,
1244 1775 1329 1836 Aeoli

183 1868 264 1940 filius,
279 1868 359 1927 Iouis
373 1886 466 1944 nepos
481 1867 547 1927 fuit:
568 1886 597 1927 u.
610 1882 668 1943 549
684 1867 831 1942 Syracosio
842 1877 934 1944 poetae
949 1869 986 1928 ad
1000 1868 1213 1946 Empedoclem
1227 1869 1329 1929 retulit.

185 1963 243 2022 Sed
257 1964 328 2023 haec
343 1963 465 2035 rariora;
489 1963 541 2022 fuit
555 1964 633 2022 enim
652 1962 808 2040 plumbeus
821 1964 949 2040 ingenio,
965 1982 1020 2023 nec
1035 1964 1085 2040 qui
1099 1982 1151 2039 per
1166 1964 1328 2023 doctrinam

184 2075 266 2116 suam
285 2058 314 2114 in
332 2074 412 2116 noua
429 2056 600 2133 plerumque
618 2056 775 2129 duceretur,
791 2058 899 2135 quippe
917 2075 1013 2134 quem,
1031 2057 1143 2117 Iustino
1163 2075 1230 2116 cum
1250 2059 1330 2118 incu-

184 2155 283 2225 buerit,
312 2155 430 2214 hIstoria
456 2153 504 2212 illa
531 2155 567 2214 de
597 2153 726 2213 Siritanis
753 2164 850 2214 tamen
879 2155 999 2226 latuerit,
1026 2165 1167 2233 conperta
1195 2156 1284 2214 serius
1313 2173 1330 2213 a

184 2248 351 2325 Saluagnio.

226 2342 284 2402 Sed
311 2361 349 2400 ne
377 2343 435 2400 mei
462 2359 580 2418 quoque
607 2340 692 2400 laude
720 2360 773 2401 sua
796 2353 921 2413 careant,
947 2360 1007 2400 non
1033 2351 1075 2402 est
1102 2342 1330 2419 praetereundus

184 2436 318 2495 Thomas
338 2435 556 2507 Vnderdown,*
578 2437 627 2512 qui
648 2445 742 2494 totum
767 2454 885 2495 carmen
905 2436 1029 2512 Anglice
1053 2437 1182 2495 uersibus
1207 2436 1330 2495 reddidit

184 2530 331 2607 ediditque
349 2548 417 2589 cum
434 2528 670 2588 adnotationibus
685 2548 710 2587 a.
729 2531 814 2604 1569.
859 2529 918 2602 Qui
938 2531 961 2588 si
983 2548 1050 2589 cum
1071 2530 1132 2588 aliis
1147 2541 1332 2606 comparetur

184 2625 234 2701 qui
249 2623 348 2683 Ouidii
367 2625 474 2699 scripta
491 2624 521 2682 in
541 2634 672 2682 nostrum
692 2641 857 2682 sermonem
876 2624 1085 2696 transtulerunt,
1101 2625 1174 2683 inter
1188 2643 1262 2700 quos
1279 2624 1332 2682 fuit

184 2728 272 2794 poeta
291 2735 422 2776 summus
441 2717 668 2794 christophorus
687 2716 855 2789 Marlowe,†
870 2718 952 2776 cuius
971 2728 1070 2777 extant
1089 2718 1187 2778 Ouidii
1206 2717 1331 2777 Amores

184 2811 316 2887 Anglicis
343 2812 474 2870 uersibus
502 2811 554 2870 sed
581 2812 752 2887 inprospere
777 2812 914 2888 expressi,
943 2829 1036 2888 prope
1062 2812 1180 2879 unicam
1208 2812 1332 2887 gloriam

185 2915 358 2965 consecutus
372 2915 423 2965 est.
466 2905 593 2964 Libellus
608 2915 651 2964 est
665 2905 764 2977 rarior,
779 2906 965 2981 dignissimus
979 2915 1078 2964 tamen
1093 2906 1143 2982 qui
1155 2905 1318 2982 perlegatur
1322 2924 1330 2977 ;

185 2999 262 3059 adeo
275 3000 306 3058 in
318 3008 382 3058 toto
397 3016 485 3075 opere
500 2999 628 3075 perlucet
646 2999 726 3058 rudis
740 3009 768 3058 et
782 2999 937 3058 uernacula
951 2998 1126 3075 simplicitas
1142 2999 1216 3058 adeo
1230 3000 1289 3057 acri
1304 3007 1332 3057 et

185 3092 296 3153 ardenti
317 3102 347 3153 et
369 3110 464 3168 paene
485 3091 606 3151 dixerim
627 3092 753 3169 Anglico
774 3093 844 3151 odio
865 3091 959 3150 fertur.
1002 3091 1242 3167 Lectitabantque
1264 3091 1331 3149 Ibin

186 3186 275 3263 Angli
296 3205 333 3246 eo
352 3195 483 3262 tempore
502 3186 718 3263 discebantque,
734 3186 758 3245 si
777 3185 895 3261 quidem
914 3186 1062 3260 poematio
1082 3186 1189 3260 quoin
1206 3184 1332 3243 Mariam

187 3280 342 3340 Scotorum
356 3280 487 3356 reginam
501 3279 632 3338 inuectus
647 3289 690 3340 est
708 3280 828 3354 scriptor
842 3279 960 3354 ignotus
974 3279 1004 3336 in
1018 3278 1136 3336 Froudii
1151 3277 1228 3337 Hist.
1243 3276 1331 3354 Angl.

186 3391 211 3433 c.
227 3376 265 3445 48
280 3383 309 3432 et
322 3374 418 3449 ipsum
432 3391 549 3431 carmen
568 3373 741 3432 nominatim
756 3372 853 3432 citauit
870 3382 899 3430 et
917 3370 1007 3430 multa
1021 3390 1057 3430 ex
1072 3388 1108 3430 eo
1123 3371 1249 3430 imitatus
1263 3374 1332 3440 esti

185 3467 284 3526 Etiam
303 3467 333 3524 in
352 3466 502 3525 Peruuinis
516 3466 599 3525 Indis
617 3466 753 3526 inuentus
767 3475 810 3526 est
829 3467 879 3542 qui
895 3465 1055 3526 Ouidianas
1075 3464 1130 3523 iras
1149 3465 1331 3540 exprimeret,

185 3560 283 3637 Diego
304 3558 403 3618 Mexia
424 3558 578 3631 LImensis,
599 3579 617 3618 a
638 3578 697 3635 quo
719 3562 780 3620 Ibis
802 3560 964 3636 Hispanico
985 3578 1069 3618 uersa
1088 3559 1195 3635 prodiit
1217 3558 1333 3635 Hispali

190 3657 275 3713 1608.

227 3746 388 3822 §Tandem
415 3747 446 3804 in
473 3745 640 3823 Delphinati
669 3745 780 3806 Galliae
808 3766 879 3824 agro
907 3756 1025 3806 exortus
1052 3756 1097 3805 est
1124 3747 1167 3803 uir
1195 3746 1333 3822 singulari

220 3883 235 3917 ²¹¹
253 3881 315 3930 Ouid
331 3881 365 3930 his
381 3881 495 3930 invective
511 3882 600 3945 against
619 3883 672 3929 Ibis.
706 3881 841 3930 Translated
861 3882 912 3929 into
930 3880 1025 3946 English
1045 3881 1143 3936 Meeter,
1161 3880 1294 3929 whereunto
1314 3882 1333 3928 is

186 3948 260 3995 added
270 3949 302 4010 by
314 3947 355 3994 the
365 3947 506 4008 Translator,
519 3963 532 3993 a
549 3946 613 3995 short
629 3946 727 4011 draught
743 3950 771 3995 of
785 3949 814 3994 all
826 3947 867 3994 the
877 3949 957 3994 stories
969 3948 1015 3994 and
1026 3947 1083 3993 tales
1095 3947 1225 4008 contayned
1236 3947 1333 4002 therein,

187 4014 356 4141 νᾛῖίξὲἒῖίί
366 4014 511 4125 hicblebirerairt
522 4077 606 4125 docent
617 4092 694 4125 uersus
706 4077 754 4124 eius
765 4076 929 4125 Tambnrlaiue
941 4077 972 4126 iv.
986 4090 1000 4138 3
1015 4075 1037 4123 A
1052 4077 1134 4124 sacred
1143 4092 1193 4124 νονν
1204 4086 1227 4124 to
1238 4077 1334 4125 Heovm

187 4145 236 4191 arrd
245 4143 294 4191 lrim
304 4144 321 4189 I
331 4143 397 4190 male
408 4142 556 4207 Oorrfirmr'ng
566 4143 585 4189 it
594 4143 649 4191 with
660 4140 716 4190 Ibis'
728 4143 782 4202 lroly
792 4158 867 4190 name.

219 4210 236 4265 ss
251 4209 315 4255 Now
325 4208 360 4254 all
370 4208 407 4256 tlte
417 4222 475 4254 woes
486 4209 536 4255 that
547 4207 609 4256 Ouid
620 4210 644 4255 in
655 4209 709 4255 Ibin
722 4209 775 4255 Into
790 4208 825 4255 tis
839 4215 914 4270 pretty
925 4207 982 4255 little
993 4206 1049 4254 book
1060 4207 1103 4253 did
1114 4206 1188 4262 write,
1200 4216 1244 4254 etc.
1280 4208 1333 4253 Hoc

188 4273 245 4321 mihi
257 4273 367 4320 indIcauit
377 4273 464 4319 amicus
476 4273 622 4328 Balliolensis‚
634 4274 672 4320 W.
685 4273 716 4320 II.
728 4273 819 4320 Forbes.

222 4343 235 4397 ξ
253 4339 289 4386 De
306 4339 354 4384 uita
372 4339 487 4401 Saluagnii
503 4339 580 4385 omnia
596 4339 688 4402 collegit
704 4339 810 4385 Alfredus
824 4339 853 4385 de
864 4336 1001 4385 Terrebasse
1018 4338 1042 4383 in
1059 4337 1135 4384 libello
1149 4337 1212 4383 edito
1226 4337 1333 4399 Lugduni

191 4402 260 4465 1850.
294 4402 403 4450 Relation
420 4404 458 4450 des
474 4404 607 4463 principaurr
624 4405 771 4452 &venements
788 4403 817 4450 de
833 4404 855 4450 la
867 4405 903 4450 vIe
915 4405 943 4450 de
954 4403 1060 4466 Salvaing
1072 4404 1100 4449 de
1112 4403 1220 4456 Boisrieu‚
1233 4402 1333 4447 Premier

187 4469 305 4516 President
317 4483 346 4515 en
356 4468 378 4515 la
390 4468 506 4516 Chambre
517 4469 556 4515 des
568 4469 678 4529 Comptes
690 4469 718 4515 de
730 4468 858 4528 Dauphind.
