3038 5010
193 363 239 422 viii
634 358 881 419 PRAEFATIO.

193 516 230 576 ab
243 517 302 577 oris
316 534 502 594 nequaquam
516 515 594 574 Anio
609 517 773 576 conueniat.
816 517 873 575 Pro
890 515 979 574 nihilo
999 517 1140 592 igiturest
1160 515 1189 574 in
1204 515 1260 575 hoc
1275 515 1342 574 loco

195 610 314 670 Caecilii
328 609 443 686 Apuleii
458 609 664 668 testimonium,

234 705 312 781 516.
334 704 420 763 lllrus
443 702 564 783 (Pyrrhi,
591 705 667 780 regis
691 701 784 782 Epiri)
811 705 936 765 Cadmus
957 704 1131 785 sepulchrum
1152 709 1219 779 post
1238 704 1346 778 aliquot

194 818 283 859 annos
296 797 480 874 Epirotarum
494 800 624 875 princeps
645 800 676 857 in
696 801 798 856 erueres
817 817 927 856 uersum
946 798 1097 873 dissipauit
1113 804 1193 873 atque
1207 798 1343 872 dispersit,

195 899 229 952 ut
246 895 276 952 iu
296 892 508 968 antiquitatibus
528 891 701 969 Lycophron,
723 890 870 964 Musaeus,
895 890 1018 968 Crispus
1040 900 1067 950 et
1085 890 1167 951 Naso
1189 892 1342 968 prodidere.

198 987 252 1047 Cn.
269 985 437 1046 Camerinus
452 989 482 1044 in
499 985 599 1045 Troiae
611 988 728 1047 excidio.
745 1032 751 1046 .
769 1032 775 1045 .
972 1063 977 1071 ο

236 1081 377 1157 Respexit
391 1080 433 1138 lb.
450 1100 518 1156 303,
535 1100 561 1152 4,
578 1099 652 1158 quos
672 1099 772 1140 uersus
793 1081 881 1140 etiam
896 1080 928 1138 Β.
946 1079 982 1139 G.
992 1079 1175 1162 *Niebuhrius
1190 1078 1344 1158 (Lectures

195 1193 236 1234 on
256 1175 383 1233 Ancient
408 1174 530 1251 History
550 1176 579 1232 iii
603 1194 632 1251 p.
655 1173 727 1254 311)
749 1175 786 1233 de
811 1174 913 1251 Pyrrhi
939 1173 1042 1250 Magni
1067 1174 1163 1233 diruto
1189 1173 1344 1250 sepulchro

195 1269 398 1344 interpretatus
412 1279 463 1328 est.
505 1268 589 1328 Paus.
604 1269 623 1327 i.
638 1290 665 1345 9.
682 1290 700 1345 9
716 1272 866 1342 Λυσίμαχος
883 1269 911 1324 δὲ
928 1270 970 1324 καὶ
986 1272 1012 1326 ἒς
1028 1271 1141 1339 πόλεμον
1159 1270 1223 1342 πρὸς
1243 1267 1346 1341 Hippou

195 1362 304 1432 κατέστη
317 1364 364 1419 τὸν
376 1363 503 1421 Αἰακίδου.
533 1364 653 1435 φυλάξας
667 1364 695 1418 δὲ
709 1363 739 1434 ἐξ
751 1362 876 1436 Ἠπείρου
886 1361 1000 1432 ἀπιόντα,
1011 1359 1053 1417 οἷα
1063 1362 1093 1432 δη
1107 1362 1236 1418 τὰπολλὰ
1251 1362 1345 1419 ἐκεῖνος

194 1457 332 1525 ε’πλανᾶτα,
356 1456 403 1526 τήν
423 1479 452 1512 τε
473 1456 557 1526 ἄλλην
581 1456 755 1527 ἐλεηλάτησεν
769 1455 898 1528 ’Ἤπειρον
920 1457 960 1511 καὶ
983 1455 1025 1512 e'rri
1047 1457 1093 1513 τὰς
1113 1455 1190 1526 θῆκας
1210 1454 1274 1525 ἦλθε
1295 1461 1346 1511 τῶν

193 1550 333 1616 βασιλέων.
366 1552 403 1605 Τὰ
417 1551 446 1605 δι’
459 1551 574 1606 ἐντεῦθεν
587 1551 644 1621 ε’μοί
657 1552 729 1607 ἐστιν
743 1552 773 1606 οὗ
786 1551 876 1619 πιστά,
890 1548 1038 1622 Ἱερώνυμος
1052 1550 1080 1604 δὲ
1093 1550 1196 1623 ἔγραψε
1205 1547 1346 1621 Καρδίανοσ

195 1646 346 1715 Λυσίμαχον
359 1645 404 1701 τὰς
418 1642 494 1712 θήκας
506 1649 558 1699 τῶν
571 1649 664 1716 νεκρῶν
677 1644 800 1699 ἀνελόντα
812 1645 844 1698 τὰ
859 1644 927 1698 ὀστᾶ
936 1644 1048 1715 ἐκρῖψαι.
1079 1641 1216 1700 Eandem
1229 1641 1345 1716 interpr.

196 1734 348 1794 Constant.
366 1735 507 1794 Fanensis
524 1734 575 1794 sed
596 1736 670 1794 inter
689 1735 759 1794 alias
778 1734 896 1811 protulit
913 1734 1065 1794 Hecatost.
1080 1734 1116 1794 iv.
1160 1734 1218 1793 Sed
1239 1752 1277 1792 ne
1298 1733 1345 1790 hic

195 1829 315 1905 quidem
342 1829 456 1888 uidetur
483 1837 593 1888 rectum
622 1823 798 1888 consecutus
823 1828 972 1904 Apuleius,
999 1829 1023 1887 si
1051 1828 1143 1887 modo
1165 1846 1235 1886 uere
1259 1826 1346 1886 tradit

197 1920 333 1998 Hyginus
348 1920 418 1980 Fab.
437 1940 471 1979 12
476 1941 492 1996 3
509 1920 697 1998 Neoptolemi
716 1940 778 1980 ossa
789 1933 843 1998 per
854 1923 930 1998 fines
943 1921 1115 1980 Ambraciae
1128 1932 1230 1997 sparsa
1237 1922 1345 2000 fuisse.

197 2013 287 2073 Hunc
302 2014 380 2072 enirn
395 2014 536 2090 Pyrrhum
550 2014 703 2074 manifesto
719 2014 842 2074 Ouidius
856 2014 1024 2092 eisdemque
1038 2015 1135 2074 uerbis
1150 2013 1311 2073 denotauit.

237 2107 314 2182 §44
337 2107 476 2167 Aeteruus
500 2129 540 2167 ae.
563 2109 639 2184 diple.
660 2114 702 2167 est
723 2111 774 2184 qui
792 2128 838 2166 nec
857 2109 1029 2184 praecipium
1051 2127 1098 2166 uec
1111 2110 1200 2185 finem
1214 2107 1301 2180 habet,
1316 2114 1349 2166 ut

196 2202 282 2259 deus:
304 2219 471 2277 quamquam
495 2201 629 2278 Orpheus,
650 2201 743 2260 Le‘rzus
766 2209 792 2260 et
814 2201 954 2260 Ideszbdus
976 2204 1036 2261 deos
1058 2221 1098 2262 ex
1119 2203 1187 2261 chao
1208 2202 1243 2261 ab
1268 2203 1347 2261 turtio

196 2296 317 2370 erupisse
337 2296 473 2366 deicerent,
496 2315 562 2372 quos
584 2304 611 2354 et
628 2297 750 2373 plerique
770 2317 809 2355 ex
830 2299 932 2356 uostris
952 2305 1104 2373 sequuntur
1126 2303 1158 2355 ut
1178 2295 1347 2372 abantiquo

195 2390 265 2448 chao
278 2396 429 2464 ueteresque
442 2390 553 2465 druique
566 2392 683 2466 nouique
697 2393 715 2449 i,
730 2410 757 2449 n.
772 2399 791 2449 t.
806 2393 831 2449 d.
847 2412 870 2449 c.
885 2411 911 2448 a.

238 2482 379 2559 Respexit
401 2484 444 2541 Ib.
468 2486 505 2555 84
531 2485 580 2542 ubi
602 2485 704 2544 uitiose
726 2485 757 2542 in
782 2485 867 2544 codd.
893 2485 1029 2544 traditum
1053 2494 1098 2543 est
1120 2485 1205 2542 chori.
1248 2483 1346 2543 Etiam

197 2576 349 2636 Constant.
377 2576 518 2636 Fanensis
544 2577 641 2636 Sarrit.
666 2578 715 2636 fol.
742 2588 773 2635 1²²
794 2579 862 2637 dicit
886 2579 916 2636 in
941 2579 1026 2637 bonis
1048 2577 1261 2653 exemplaribus
1285 2595 1347 2636 non

197 2668 278 2729 chori
299 2671 351 2729 sed
372 2671 446 2730 chao
467 2670 532 2747 legi.
574 2672 640 2749 Ego
661 2672 691 2731 id
712 2690 773 2731 non
795 2681 862 2731 ante
883 2671 928 2731 ed.
952 2671 1047 2730 Rubei
1066 2685 1142 2745 1474
1157 2671 1265 2730 inueni.
1308 2672 1347 2731 Et

197 2763 245 2823 hic
265 2765 384 2840 quidem
404 2783 508 2823 uerum
529 2775 572 2824 est
594 2767 674 2842 quod
696 2766 836 2842 Apuleius
861 2766 955 2836 tradit,
978 2765 1031 2824 etsi
1053 2783 1090 2823 ex
1111 2763 1210 2823 litteris
1231 2765 1346 2825 conicio

197 2875 266 2916 eum
280 2858 383 2933 legisse
398 2856 436 2916 In
450 2866 574 2917 nostrum
589 2858 681 2917 ducti
697 2859 770 2938 (non
785 2858 915 2937 cuncti)
931 2865 1033 2934 tempus
1047 2859 1136 2916 adeste
1148 2859 1224 2916 chao.

240 2950 311 3011 Non
332 2951 455 3010 multum
476 2952 548 3013 lucis
567 2953 643 3011 Ibidi
664 2954 786 3013 accessit
805 2972 841 3012 ex
860 2953 1078 3012 commentariis
1092 2952 1225 3011 Ascensii
1240 2949 1347 3031 (1500)

198 3056 227 3105 et
252 3046 361 3106 Zarotti
384 3044 500 3126 (1501).
542 3046 622 3106 Nam
643 3047 801 3108 Ascensius
823 3047 939 3106 nonnisi
963 3046 1083 3105 Domitii
1107 3047 1348 3105 commentanum

197 3140 332 3217 supplere
355 3141 561 3214 constituerat;
594 3143 648 3202 etsi
669 3161 731 3201 non
745 3142 852 3201 desunt
869 3158 944 3217 quae
966 3141 1003 3199 de
1024 3140 1156 3199 obscuris
1177 3140 1248 3198 locis
1269 3158 1349 3199 noua

198 3235 354 3311 protulerit,
370 3254 395 3294 e.
406 3253 436 3312 g.
453 3234 491 3293 ad
508 3254 563 3293 122
584 3237 635 3294 ubi
656 3237 798 3295 Fortunae
806 3237 905 3312 sacris
925 3235 1064 3293 r'rrurdzosa
1085 3251 1146 3291 non
1167 3232 1241 3292 male
1263 3234 1348 3293 inter-

197 3339 326 3405 pretatus
346 3339 402 3400 est,
427 3340 457 3389 et
482 3333 541 3400 418
566 3331 617 3388 ubi
642 3348 708 3389 eam
735 3330 961 3406 explicationem
990 3336 1105 3387 secutus
1133 3337 1179 3386 est
1201 3347 1290 3405 quam
1317 3328 1348 3385 in

198 3422 323 3499 Anglica
335 3423 572 3498 interpretatione
587 3423 724 3481 carminis
737 3423 872 3499 repetiuit
883 3422 1018 3480 Thomas
1029 3421 1221 3481 Vnderdown
1233 3419 1348 3500 (1569).

199 3514 355 3591 Copiosior
370 3515 511 3586 Zarottus,
528 3516 576 3574 uix
591 3516 693 3574 melior
698 3536 706 3588 ;
728 3517 783 3575 nisi
793 3516 873 3592 quod
882 3515 1054 3591 plerumque
1064 3514 1147 3574 affert
1157 3515 1348 3587 Scholiasten,

138 3635 145 3647 ι
198 3624 424 3683 nonnumquam
451 3609 532 3667 aliter
558 3626 648 3684 quam
675 3610 706 3668 in
733 3610 807 3670 meis
839 3609 989 3669 codicibus
1017 3609 1140 3668 traditus
1168 3606 1238 3668 est*
1291 3608 1349 3668 Sed

199 3709 229 3760 et
241 3701 272 3758 iu
286 3701 344 3759 hoc
354 3710 426 3759 *sunt
440 3701 584 3777 quaedam
597 3703 695 3762 bonae
708 3703 808 3780 frugis,
823 3722 848 3763 e.
860 3723 888 3780 g.
897 3703 943 3762 ad
960 3721 1014 3780 ²9¹
1027 3713 1133 3779 parum
1150 3704 1227 3762 mztis
1241 3703 1350 3762 ‘uoluit

199 3793 279 3852 enim
303 3794 443 3869 prodesse
466 3803 495 3853 et
516 3794 626 3854 obfuit'
651 3805 681 3855 et
705 3797 743 3856 ad
765 3815 823 3872 419
839 3797 936 3855 Filius
956 3803 983 3854 et
1004 3795 1123 3866 Cereris,
1147 3809 1205 3870 545
1229 3796 1263 3855 Vt
1276 3806 1350 3872 puer

199 3886 389 3963 Harpagzdeq
405 3887 509 3963 quibus
529 3889 673 3948 ambobus
693 3890 765 3948 locis
785 3908 888 3949 uerum
909 3889 981 3948 uidit
1001 3889 1112 3964 primus
1131 3908 1167 3948 ex
1181 3889 1349 3960 editoribus,

200 3998 271 4039 uam
295 3980 400 4039 eadem
428 3980 530 4040 melius
557 3992 625 4058 post
649 3982 800 4041 Zarottum
825 3983 1014 4042 Constantius
1038 3983 1218 4041 monstrauit.
1259 3984 1350 4041 Anno

203 4087 281 4149 1515
309 4073 479 4149 prodierunt
506 4074 637 4135 Venetiis
671 4075 791 4135 Ioannis
818 4077 966 4152 Baptistae
994 4076 1112 4151 Egnatii
1144 4077 1174 4134 in
1203 4076 1350 4135 Heroides

201 4167 299 4226 Ouidii
315 4167 436 4244 Sappho
452 4178 480 4227 et
494 4168 559 4226 Ibin
574 4170 802 4241 obseruationes,
817 4188 893 4247 quae
907 4188 1088 4246 quamquam
1107 4171 1256 4229 breuiores
1275 4180 1350 4241 sunt,

159 4313 163 4322 s
199 4259 317 4321 laudern
337 4272 484 4320 mererent
504 4281 590 4322 uerae
612 4264 780 4323 eruditionis
801 4265 856 4322 nisi
877 4282 991 4339 semper
1010 4263 1068 4322 fere
1090 4264 1251 4323 abeodem
1270 4262 1350 4322 Con·

313 4450 318 4459 ,
349 4408 364 4442 *
382 4407 443 4455 Hinc
455 4408 542 4455 factum
554 4416 588 4456 est
601 4417 625 4455 nt
637 4408 758 4458 Zarottum
771 4409 848 4458 laudet
860 4409 992 4458 Lobeckins
1004 4409 1118 4474 Aglaoph.
1131 4408 1187 4460 601.
