3038 5010
179 379 228 437 xlii
590 374 915 437 PROLEGOMENA.

183 555 252 607 440,
276 534 437 593 Diomedes
463 553 531 607 401,
556 534 659 593 Sciron
689 534 766 592 Sinis
794 533 977 610 Polypemon
1005 534 1171 593 Procrustes
1197 533 1331 609 Cercyon

184 632 333 692 407-412.
378 615 437 674 Sed
460 615 583 674 Ouidius
608 633 786 691 quamquam
811 616 842 673 in
867 615 951 674 simili
976 633 1064 674 causa
1088 615 1195 674 similes
1219 614 1330 673 fabulas

183 708 354 757 tractaturus
375 705 444 769 erat,
463 696 547 756 latius
568 695 747 755 Callimacho
765 706 897 772 uagatus
918 697 1009 755 multa
1028 697 1059 754 in
1080 715 1149 756 suos
1168 714 1236 755 usus
1258 714 1330 754 con·

183 780 303 838 uertisse
320 778 434 836 uidetur
448 797 523 855 quae
542 779 658 837 aliunde
677 778 895 853 proueniebant.
938 777 1017 836 Nam
1032 789 1061 836 et
1079 779 1109 836 in
1128 776 1330 853 Lycophronis

183 860 360 930 Alexandra,
382 877 472 935 quam
493 879 530 918 ex
552 859 595 918 Ib.
612 874 667 933 531
693 858 833 917 Ouidium
854 859 1009 934 perlegisse
1031 859 1209 929 crediderim,
1231 867 1330 917 extant

184 941 292 999 multae
303 960 340 999 ex
351 939 442 998 Ibidis
452 941 556 999 fabulis
568 941 738 1009 notioribus,
748 940 826 1000 uelut
835 939 967 1016 Myrtilus
976 942 1014 999 ab
1024 940 1180 999 Oenomao
1191 938 1330 1016 praecipi-

184 1033 260 1080 tatus
271 1023 302 1079 in
312 1040 392 1080 mare
406 1024 471 1094 164,
483 1021 597 1080 Hector
608 1023 646 1080 ab
654 1021 767 1080 Achille
778 1031 886 1080 tractus
899 1023 956 1079 260
968 1040 1041 1098 sqq,
1052 1040 1131 1080 mors
1142 1021 1249 1079 Priami
1261 1035 1329 1096 335,

184 1102 368 1178 naufragium
386 1100 567 1161 Graecorum
587 1111 616 1160 et
635 1102 731 1160 Aiacis
749 1102 825 1162 Oilei
843 1113 962 1179 propter
978 1103 1116 1161 uiolatam
1134 1103 1329 1162 Cassandram

186 1198 336 1260 357-395,
346 1185 493 1242 excaecati
502 1183 635 1241 Phoenix
646 1202 683 1254 42
688 1202 704 1257 3
715 1182 911 1260 Polyphemus
922 1187 989 1259 765,
998 1184 1164 1242 fulminatus
1174 1182 1329 1259 Capaneus

186 1268 253 1339 436,
265 1266 379 1324 occisus
394 1266 431 1323 ab
442 1283 514 1342 apro
526 1264 689 1342 Calydonio
705 1266 842 1324 Ancaeus
855 1267 922 1336 486,
934 1264 1046 1341 Vlyssis
1061 1266 1206 1325 sociomm
1220 1276 1329 1324 mortes

184 1350 223 1406 ad
235 1346 359 1423 Scyllam
373 1356 401 1404 et
414 1345 590 1422 Charybdin,
603 1346 682 1422 apud
693 1345 905 1421 Polyphemum
918 1356 946 1405 et
957 1346 1171 1422 Laestrygonas
1184 1349 1242 1418 648
1254 1364 1328 1421 sqq,

183 1429 274 1504 ipsius
293 1427 477 1503 naufragium
493 1440 552 1501 740
571 1446 634 1503 sqq.
653 1437 681 1485 et
698 1445 777 1486 mors
797 1446 833 1485 ex
851 1428 953 1486 aculeo
971 1429 1100 1503 trygonis
1117 1430 1185 1502 796,
1200 1426 1329 1486 Glaucus

184 1528 221 1568 ex
235 1508 414 1567 Anthedone
430 1523 497 1582 754,
513 1510 549 1567 de
564 1508 683 1584 Myrrha
700 1519 728 1566 et
741 1508 877 1567 Adonide
893 1512 952 1583 829
972 1528 1045 1585 sqq,
1060 1509 1193 1567 homines
1212 1510 1242 1566 in
1259 1526 1329 1566 saxa

184 1589 317 1649 conuersi
339 1608 356 1647 a
377 1589 519 1666 Gorgone
542 1593 609 1662 845,
630 1600 767 1648 castratus
788 1588 904 1648 Vranus
928 1592 993 1665 762,
1013 1593 1082 1664 869,
1097 1590 1270 1650 Philoctetes
1292 1590 1329 1646 ab

183 1672 274 1748 hydra
288 1688 403 1730 morsus
415 1690 482 1747 912,
495 1671 653 1730 Herculem
668 1671 698 1728 in
711 1670 787 1729 Oeta
800 1673 975 1730 comburens
987 1673 1053 1746 916,
1069 1672 1187 1730 exitium
1202 1670 1328 1730 Comae-

184 1755 251 1812 thus
273 1771 342 1828 934,
363 1766 390 1824 5,
412 1752 574 1829 Melanippi
595 1752 745 1811 cerebrum
767 1761 917 1811 exsuctum
939 1771 956 1810 a
975 1752 1080 1829 Tydeo
1104 1755 1189 1824 1066,
1210 1751 1329 1828 Nauplii

184 1835 268 1909 dolus
289 1835 365 1892 circa
384 1832 570 1910 Caphareum
589 1852 664 1908 1093
685 1851 758 1910 sqq,
779 1851 838 1910 quo
858 1834 1021 1899 Palamedis
1043 1844 1167 1893 mortem
1187 1833 1263 1893 ultus
1285 1843 1328 1892 est

187 1928 274 1991 1097,
292 1914 501 1990 Agamemnon
518 1933 535 1972 a
549 1914 779 1989 Clytaemnestra
795 1915 959 1973 interiectus
978 1930 1237 1990 1099—1105cum
1255 1913 1328 1973 Cas·

184 1998 290 2056 sandra
307 2009 496 2069 1110-1117,
511 1994 653 2054 Hecubae
668 1995 758 2054 faturn
777 1999 965 2071 1174-1188,
979 1997 1098 2072 Absyrti
1112 1996 1284 2055 interfectrix
1299 2006 1328 2054 et

184 2088 320 2136 natorum
334 2095 454 2135 suorum
469 2076 577 2135 Medea
589 2095 674 2151 1319.
708 2076 765 2135 Sed
779 2088 808 2135 et
821 2078 977 2136 nonnullae
991 2080 1089 2136 insunt
1105 2096 1141 2135 ex
1155 2078 1328 2137 obscuriori·

184 2161 255 2218 bus:
284 2177 308 2216 e.
321 2177 350 2235 g.
368 2157 496 2217 Achilles
513 2157 696 2234 Iphigeniam
715 2176 856 2233 quaerens
873 2159 910 2218 ad
928 2158 1050 2218 Leuken
1067 2158 1165 2217 Akten
1183 2162 1238 2232 185
1254 2177 1327 2235 000.,

185 2240 306 2298 Το0000
321 2257 388 2299 curn
398 2238 555 2297 Hemithea
569 2239 599 2296 in
613 2257 709 2297 arcam
722 2240 824 2298 inclusi
837 2255 903 2314 235,
917 2240 1015 2299 Aiacis
1030 2239 1194 2299 Telamonii
1209 2240 1328 2301 unicum

184 2321 290 2380 uulnus
300 2333 369 2394 457,
379 2319 644 2379 Phoenodamantis
655 2319 888 2398 filiae'expositae
896 2322 1029 2379 leonibus
1040 2322 1070 2378 in
1080 2321 1175 2381 Sicilia
1185 2336 1243 2396 470
1255 2340 1328 2398 000,
1379 2360 1383 2366 ›

113 2416 116 2421 ⁴
185 2403 316 2461 Tiresiae
337 2402 437 2460 iocosa
453 2402 488 2459 lis
506 2404 574 2472 682,
594 2401 752 2477 Aegialeae
773 2402 910 2460 adulteria
925 2405 1073 2474 612-614,
1091 2420 1170 2461 mors
1186 2403 1327 2473 HeracliS,

185 2484 343 2543 Alexandri
354 2482 396 2541 Μ.
408 2482 466 2554 filii,
479 2485 627 2554 801-804,
640 2500 728 2558 quam
739 2501 796 2559 ego
808 2484 956 2542 historiam
967 2485 997 2541 in
1008 2485 1052 2542 lb.
1064 2487 1122 2559 308
1135 2485 1327 2544 subodoratus

185 2584 260 2636 sum,
276 2564 396 2624 Setaeae
414 2564 533 2639 uirginis
551 2563 588 2622 ad
607 2564 760 2640 scopulum
778 2565 854 2622 fixae
868 2567 1010 2624 cruciatus
1028 2567 1215 2641 1075-1080,
1229 2566 1328 2641 imago

185 2646 310 2705 Palladis
337 2645 438 2705 oculos
467 2644 587 2704 cludens
615 2664 652 2703 ne
681 2645 821 2704 Siritanos
848 2665 866 2704 a
894 2645 1135 2706 Crotoniensibus
1162 2647 1328 2706 interfectos

184 2729 294 2787 uideret
310 2729 378 2802 985,
396 2725 614 2802 Erysichthonis
633 2727 777 2801 inexpleta
796 2726 991 2801 fames1389.
1034 2727 1113 2800 Quid
1132 2729 1213 2804 quod
1232 2727 1327 2805 Lyco-

184 2809 305 2886 phronis
324 2806 533 2866 consuetudine
547 2808 676 2878 nomina,
691 2808 867 2884 ubicumque
884 2818 992 2885 posset,
1007 2810 1205 2886 supprimendi
1219 2810 1327 2889 (Bach-

184 2909 310 2948 mannus
332 2890 370 2948 ad
390 2889 460 2966 Lyc.
480 2907 509 2964 p.
529 2886 600 2967 209)
625 2900 653 2947 et
675 2889 799 2949 Ouidius
821 2908 890 2948 usus
913 2890 977 2948 est?
1009 2889 1088 2948 Nam
1109 2891 1140 2949 in
1161 2891 1329 2950 Alexandra

184 2972 304 3048 quidem
324 2973 441 3029 nonnisi
462 2989 514 3046 per
531 2972 664 3029 tenebras
681 2981 837 3029 cernuntur
850 2972 965 3044 omnia;
990 2989 1045 3031 nec
1067 2973 1186 3031 nomina
1206 2981 1327 3045 tanturn,

184 3053 237 3113 sed
250 3071 296 3112 res
310 3054 396 3111 etiam
411 3052 486 3111 adeo
500 3051 590 3110 latent
603 3053 681 3110 nube
695 3053 859 3124 uerborum,
874 3063 906 3110 ut
920 3071 989 3128 prae
1003 3052 1058 3112 hac
1070 3053 1239 3112 Callimachi
1254 3071 1328 3130 quo-

184 3154 241 3211 que
252 3136 391 3210 ambages
402 3144 431 3192 et
443 3133 541 3194 Ouidii
555 3134 720 3210 aenigmata
733 3133 849 3192 inclara
863 3135 959 3210 posita
972 3134 1036 3192 luce
1047 3135 1207 3193 uideantur.
1237 3134 1328 3194 Cuius

183 3217 226 3275 rei
246 3216 337 3274 facilis
356 3217 429 3274 ratio
449 3225 500 3288 est,
515 3233 583 3274 cum
601 3214 632 3271 hi
651 3233 726 3291 quos
747 3215 918 3290 significant,
934 3233 996 3273 non
1014 3234 1077 3274 raro
1099 3235 1135 3274 ex
1155 3216 1328 3292 propinquis

184 3317 219 3356 ac
233 3315 340 3374 genere
354 3296 567 3372 descripserint,
582 3296 628 3354 ille
643 3314 680 3354 ne
694 3297 924 3373 propinquomm
938 3297 1056 3376 quidem
1075 3299 1195 3355 nomina
1208 3298 1264 3356 nisi
1277 3316 1329 3374 per

184 3381 322 3454 ambages
343 3378 494 3436 induxerit.
544 3377 624 3448 Quid
645 3378 726 3452 quod
748 3380 930 3449 παρωνομασίᾳ
951 3379 1096 3436 interdum
1118 3388 1148 3437 et
1171 3378 1266 3438 hicet
1289 3379 1329 3437 illi

183 3461 330 3519 luserunt?
373 3458 452 3516 Nam
467 3458 547 3533 quod
561 3460 591 3516 in
606 3456 751 3516 Ouidiana
766 3458 848 3517 ibide
862 3458 1051 3518 Prometheus
1065 3471 1214 3535 tamquam
1224 3471 1328 3534 parum

183 3541 281 3611 Melzi,
306 3541 346 3598 uti
371 3541 500 3598 enotauit
525 3538 667 3608 Sanctius,
689 3538 859 3615 Telegonus
883 3558 935 3615 per
959 3542 1009 3598 teli
1027 3561 1118 3616 genus
1143 3541 1328 3617 significatur,

184 3622 288 3681 similia
308 3621 439 3679 inuenies
458 3638 504 3695 ap.
520 3620 590 3698 Lyc.
607 3621 666 3694 960
687 3621 849 3691 μονοικήτους
868 3622 941 3695 ἕδρας
958 3623 1008 3680 ubi
1025 3623 1193 3681 subauditur
1210 3627 1284 3694 κῆτος
1300 3633 1329 3681 et

183 3702 296 3762 Callim.
310 3701 365 3777 Ep.
383 3704 428 3760 28.
446 3715 473 3774 5,
488 3702 514 3759 6.

225 3784 329 3859 Νο000
344 3781 412 3840 illud
427 3781 620 3840 omittendum
635 3783 714 3859 quod
735 3783 768 3841 iis
781 3784 877 3842 uerbis
891 3802 1114 3860 nonnumquam
1127 3785 1329 3861 concipiuntur

183 3865 318 3923 historiae
341 3882 416 3939 quae
438 3881 500 3921 non
519 3864 570 3920 uni
592 3865 775 3923 conueniant.
818 3865 888 3924 Hoc
910 3875 939 3923 et
963 3884 999 3923 ex
1018 3866 1144 3925 Scholiis
1168 3867 1278 3942 patebit
1299 3875 1328 3924 et

184 3946 413 4006 Commentario,
454 3944 658 4022 Extabantque
674 3964 736 4008 non
755 3964 849 4022 pauca
862 3947 1036 4018 huiusmodi,
1051 3947 1075 4006 si
1091 3947 1181 4005 modo
1197 3946 1269 4006 fides
1284 3958 1329 4007 est

184 4027 327 4104 opusculo
342 4025 513 4084 Plutarcheo
533 4027 614 4102 quod
632 4031 786 4100 παράλληλα
803 4028 971 4104 inscriptum
991 4039 1043 4086 est.
1086 4028 1177 4099 Quod
1195 4029 1328 4104 quamuis

184 4107 339 4167 Plutarcho
349 4106 501 4182 indignum
515 4118 547 4165 ut
561 4118 604 4166 est
615 4109 655 4166 sic
666 4109 831 4167 iudicetura
841 4109 955 4168 Cobeto
967 4109 1099 4168 Coniect.
1109 4109 1211 4168 Graec.
1222 4128 1251 4185 p.
1259 4123 1328 4182 502,

183 4207 246 4248 non
271 4189 370 4247 inutile
392 4189 468 4247 duco
490 4188 693 4247 Romanorum
718 4189 845 4266 prolerre
870 4191 990 4248 nomina
1015 4192 1064 4266 qui
1086 4189 1213 4261 Graecis,
1237 4189 1328 4249 Grae·

185 4289 287 4330 comm
311 4271 362 4345 qui
386 4268 531 4328 Romanis
556 4271 663 4329 similes
684 4289 768 4329 casus
790 4272 910 4330 subiisse
932 4272 962 4329 in
984 4290 1021 4331 eo
1043 4273 1184 4332 dicuntur.
1225 4272 1329 4348 Itaque

185 4352 285 4410 Parall.
304 4368 320 4425 5
336 4350 435 4409 similis
456 4351 575 4410 historia
589 4353 626 4410 de
640 4351 780 4410 Anchuro
802 4372 876 4428 quae
891 4353 927 4410 de
942 4351 1043 4411 Curtio
1065 4353 1170 4411 tradita
1190 4362 1242 4425 est,
1257 4356 1275 4411 6
1291 4354 1328 4412 de

184 4433 302 4493 Valerio
324 4431 440 4492 Conato
455 4451 529 4509 quae
550 4433 585 4492 de
603 4433 790 4509 Amphiarao,
809 4447 824 4507 7
841 4433 876 4494 de
893 4433 1071 4510 Pyraechma
1088 4452 1162 4510 quae
1180 4434 1216 4493 de
1234 4434 1329 4495 Metto
