3038 5010
594 408 942 471 COMMENTARIVS.
1282 415 1339 472 147

191 566 307 658 κοφαῖίὴν
318 567 468 658 τοῦιθηρίοιι
481 567 563 657 c‘avrpi
576 566 718 659 dvaridpac,
731 568 772 622 καὶ
786 569 840 622 τοῖς
851 568 941 657 ξόγοις
952 566 1103 660 rifolloridar
1112 567 1147 658 εἰιἱ
1153 589 1221 624 τινος
1233 569 1339 641 δένδρου

190 652 317 763 tt‘ttt
326 638 1340 779 111111111111111331.11111111111111111111

190 778 307 848 κεφαλὴν
326 779 367 832 ἐπὶ
388 780 433 833 τὸν
452 780 608 847 κοιμώμενον
626 779 667 831 καὶ
688 777 841 847 διαφθεῖραι.
882 780 967 832 Hunc
985 778 1161 833 scholiastae
1176 780 1338 836 Thoantem

190 849 251 903 siue
268 851 417 903 Thoonem
435 850 592 919 appellant:
612 849 663 903 sed
675 865 768 919 neque
786 849 841 902 hoc
859 864 963 903 nomen
982 865 1035 902 nec
1053 850 1129 919 quod
1141 867 1184 919 ap.
1201 852 1283 905 Mure
1295 869 1338 906 re-

190 919 303 988 peritur,
334 919 475 987 Driamas,
506 918 619 975 aliunde
648 918 759 973 uidetur
788 918 939 987 cognitum.
990 919 1186 986 Posidoniates
1216 938 1284 990 ager
1308 921 1337 976 in

192 989 312 1043 Lucanis
321 989 380 1044 fuit.
434 993 499 1044 fixi.
526 992 591 1044 Mos
605 999 665 1043 erat
677 988 854 1056 uenantibus,
864 989 887 1042 si
895 989 971 1042 bona
980 989 1091 1044 fortuna
1101 989 1144 1044 usi
1154 1001 1257 1059 essent,
1266 991 1338 1046 lera-

189 1076 251 1115 rum
265 1077 370 1113 cornua
382 1061 427 1114 uel
444 1060 577 1129 προτομὰς
595 1059 735 1113 interdum
754 1059 886 1126 delubris,
899 1059 1049 1128 praecipue
1063 1060 1182 1128 Dianae,
1196 1061 1337 1115 interdum

190 1130 336 1184 arboribus
345 1130 505 1198 antefigere.
526 1131 607 1198 Prop.
620 1129 645 1182 ii.
655 1144 693 1198 19.
707 1144 738 1197 19
747 1130 888 1199 Inczpeam
897 1133 1011 1199 captare
1013 1130 1098 1199 seras
1106 1136 1134 1184 et
1141 1132 1254 1184 reddere
1260 1135 1338 1201 pe'na

191 1200 313 1255 Cornua.
351 1202 420 1254 Met.
439 1200 484 1254 xii.
504 1200 557 1254 266
573 1202 604 1254 in
623 1201 683 1254 alta
704 1200 782 1269 Quae
788 1199 913 1268 suerent
922 1201 999 1269 pina
1018 1202 1113 1253 neie'ne'
1127 1218 1234 1254 cornua
1251 1205 1335 1257 cerni.

191 1270 285 1325 Schol.
303 1270 446 1340 Aristoph.
467 1271 539 1324 Plut.
558 1285 618 1340 943.
655 1271 740 1323 Anth.
762 1271 792 1324 P.
810 1269 845 1323 vi.
862 1284 949 1336 110.3
967 1270 999 1322 τὰ
1018 1268 1041 1321 δ’
1056 1269 1191 1339 ὀκτάῤῥιζα
1213 1274 1338 1339 μετώπων

189 1338 322 1430 npdypati‘
335 1341 399 1411 ὑπὲρ
410 1341 505 1395 ταναὰν
516 1339 580 1394 ἃλας
592 1341 670 1408 ἔπαξε
680 1341 764 1394 πίτυν.
802 1339 893 1407 Longi
906 1341 1013 1394 Pastor.
1027 1339 1054 1393 ii.
1067 1357 1094 1408 p.
1110 1353 1141 1408 57
1155 1340 1292 1395 Villoison
1305 1343 1336 1395 τὸ

189 1408 217 1464 de
230 1411 305 1480 δέρας
317 1411 423 1477 κέρασιν
435 1410 520 1465 αὐτοῖς
533 1408 656 1476 ἕνέπηξαν
669 1409 701 1475 τῇ
713 1410 790 1477 πίτυι,
804 1425 874 1479 quos
887 1410 965 1462 locos
978 1410 1070 1464 attufit
1084 1411 1284 1480 Hertzbergius
1298 1413 1336 1466 ad

190 1472 272 1550 Prop.
283 1481 309 1535 ii.
324 1496 364 1550 19.
378 1496 423 1550 19:
437 1480 538 1550 quibus
546 1480 620 1534 adde
628 1482 661 1534 A.
672 1479 746 1535 P.vi.
761 1495 818 1532 111.
832 1492 855 1548 5,
865 1480 890 1548 6,
902 1495 958 1533 112.
973 1495 1028 1547 1,2.
1100 1483 1168 1549 507,
1179 1485 1206 1536 8.
1223 1483 1335 1536 Merke-

189 1544 241 1605 lius
255 1551 295 1605 sic
308 1550 436 1620 explicat.
474 1554 546 1604 Siue
565 1551 610 1604 uel
628 1549 722 1619 potius
740 1553 824 1604 idem
842 1560 881 1617 tu,
894 1549 1038 1620 utriusque
1056 1567 1207 1618 personam
1224 1569 1335 1622 gerens,

189 1625 233 1675 sie
245 1621 269 1675 is
281 1638 374 1686 quem
386 1625 482 1686 pinus
494 1624 592 1675 simili
603 1627 704 1674 morte
716 1624 850 1684 peremit
879 1623 988 1686 Phryx
1001 1622 1132 1689 Marsyas
1146 1621 1228 1689 (Stat.
1243 1623 1333 1678 Theb.

189 1686 208 1744 l·
220 1691 282 1760 704)
298 1691 326 1745 in
343 1692 411 1761 pinu
428 1691 585 1746 excoriatus
600 1690 734 1759 (Nicand.
747 1692 826 1745 Alex.
840 1705 888 1757 301
905 1700 932 1745 et
950 1691 1043 1745 Schol.
1071 1700 1099 1745 et
1111 1691 1187 1746 Attis
1201 1699 1335 1747 uenator

188 1760 429 1826 Berecyntiades
438 1761 485 1831 qui
494 1762 546 1815 sub
556 1761 624 1831 pinu
633 1762 961 1842 nomenespalz'aneratse
969 1762 1032 1814 uiri
1052 1762 1157 1816 Arnob.
1166 1761 1233 1831 v.7).
1258 1764 1335 1818 Sane

190 1832 325 1900 Marsyan
339 1833 451 1901 Phryga
463 1831 595 1886 comitem
605 1831 672 1885 facit
683 1830 789 1885 Attims
803 1831 947 1885 Diodorus
959 1830 996 1885 iii.
1012 1832 1051 1899 58.
1090 1831 1225 1886 Ouidium
1237 1842 1334 1887 tamen

188 1903 344 1967 Phrygem
362 1902 448 1956 alium
465 1919 550 1971 quam
569 1901 649 1956 Attin
668 1900 846 1969 intellexisse,
865 1901 1031 1970 praesertim
1048 1912 1184 1970 sequente
1200 1909 1334 1957 uenator

187 1973 428 2037 Berecyntiades
445 1972 492 2026 uix
509 1981 551 2026 est
564 1989 632 2026 uero
644 1971 745 2025 simile.
782 1973 820 2025 Et
832 1972 888 2025 dna
900 1971 1012 2026 Attines
1025 1971 1129 2026 diserte
1141 1983 1334 2028 memorantur

187 2058 205 2095 a
218 2043 368 2096 Plutarcho
386 2044 457 2097 Sert.
475 2042 493 2097 i.
511 2052 539 2097 et
560 2041 701 2096 Pausania
718 2040 764 2096 vii.
781 2054 819 2108 17.
859 2043 958 2110 Itaque
977 2041 1018 2094 sic
1036 2041 1129 2110 potius
1147 2042 1333 2111 interpretor:

187 2113 226 2164 sis
237 2112 339 2182 Phryx
347 2114 420 2166 rilem
428 2116 592 2182 peremptas
604 2119 692 2165 marte
702 2113 795 2166 simili
810 2110 870 2165 eius
888 2110 935 2180 qui
955 2112 1007 2165 sub
1022 2111 1090 2181 pinu
1103 2111 1198 2166 iacens
1211 2112 1333 2167 exstinc-

187 2191 232 2235 tus
245 2192 288 2237 est
302 2181 386 2250 (506),
398 2189 425 2236 et
441 2189 561 2236 uenator
570 2182 789 2252 Berecyntiades,
802 2182 830 2236 h.
840 2199 863 2235 e.
878 2181 917 2234 sis
929 2181 1004 2237 Attis
1021 2181 1068 2251 qui
1084 2180 1160 2236 idem
1174 2183 1267 2251 Phryx
1279 2184 1333 2237 sub

187 2251 255 2320 pinu
268 2252 387 2307 exsectis
400 2252 526 2307 uirilibus
539 2252 621 2322 periit
638 2262 666 2307 et
680 2261 799 2306 uenator
812 2251 1031 2320 Berecyntiades
1048 2252 1085 2305 ab
1098 2269 1167 2321 apro
1184 2253 1332 2308 confossus

188 2331 230 2376 est
251 2321 334 2390 (Plut.
348 2324 419 2377 Sert.
437 2323 454 2391 i,
474 2324 555 2378 Paus.
572 2322 618 2375 vii.
636 2335 675 2389 17.
688 2322 725 2391 9).
765 2322 823 2375 ‘Or
841 2323 899 2375 else
918 2339 984 2390 may
996 2338 1051 2391 you
1069 2323 1142 2377 have
1161 2324 1209 2376 the
1228 2324 1285 2378 fate
1303 2325 1338 2378 ot'

187 2391 245 2444 him
258 2393 319 2447 that
327 2410 384 2447 was
397 2402 425 2447 at
438 2410 509 2447 once
519 2393 567 2447 the
578 2392 728 2461 Phrygian,
739 2391 811 2446 slain
824 2391 879 2445 like
890 2392 937 2445 the
948 2391 1113 2447 Posidoniat
1126 2393 1216 2446 under
1228 2410 1245 2447 a
1256 2393 1330 2463 pine,

187 2462 244 2515 and
256 2463 304 2517 the
317 2464 469 2517 huntsman
482 2480 588 2533 spmng
599 2462 672 2516 from
682 2463 872 2530 Berecyntus.'
891 2461 1001 2530 Quibus
1012 2462 1106 2516 uerbis
1120 2463 1173 2516 hoc
1183 2463 1332 2532 significat,

187 2530 323 2600 inprecari
337 2550 367 2588 se
380 2532 495 2587 inimico
507 2550 559 2587 suo
572 2533 675 2602 duplex
686 2549 775 2601 genus
788 2531 886 2585 mortis
899 2548 955 2601 quo
968 2533 1109 2587 ferebatur
1117 2533 1192 2587 Attis
1205 2533 1332 2602 periisse,

186 2603 386 2657 castrationem
405 2604 458 2657 sub
482 2602 550 2672 pinu
571 2612 599 2657 et
620 2604 722 2657 uulnus
744 2602 780 2656 ab
800 2618 869 2671 apro
891 2612 1052 2670 acceptum:
1081 2603 1157 2671 quod
1179 2613 1243 2672 post
1265 2606 1334 2674 apri

186 2672 358 2727 mentionem
372 2673 446 2743 (504)
461 2690 546 2743 quam
563 2690 628 2726 cum
646 2673 746 2727 arbore
764 2689 830 2725 mox
848 2671 990 2727 coniunxit
1005 2672 1076 2742 (505,
1089 2673 1118 2741 6)
1131 2682 1207 2727 recte
1220 2673 1332 2728 uidetur

186 2742 350 2796 subnexum.
384 2743 439 2798 Vix
463 2753 559 2798 tamen
580 2743 678 2797 dubito
700 2741 767 2812 quin
789 2741 882 2796 uerius
907 2741 1066 2811 scripserim
1092 2741 1121 2796 id
1142 2743 1218 2812 quod
1243 2744 1330 2798 habet

187 2813 333 2867 Conradus
346 2814 382 2868 de
396 2815 478 2868 Mure
490 2817 631 2868 Venator
642 2817 782 2878 Phrygia
800 2816 844 2866 sis
859 2815 1102 2877 Berecyntiades
1117 2813 1219 2866 eodem
1236 2830 1331 2882 sensu,

185 2891 324 2937 stmctura
335 2885 450 2952 paulum
462 2883 618 2939 immutata.
702 2886 771 2939 507.
790 2886 864 2936 Siue
875 2899 926 2951 pro
939 2883 988 2950 nel
996 2881 1085 2936 rarius
1101 2882 1241 2937 inuenitur
1253 2883 1331 2951 apud

184 2961 284 3020 poetas
302 2962 374 3008 teste
392 2955 530 3008 Muellero
547 2971 593 3022 ap.
606 2957 718 3024 Drager
735 2952 809 3006 Hist.
826 2953 906 3020 Synt.
919 2951 946 3005 ii.
960 2969 986 3021 p.
1003 2953 1071 3017 148:
1097 2961 1125 3006 et
1142 2952 1204 3006 cod.
1222 2952 1330 3006 Vindo-

184 3023 319 3077 bonensis
331 3023 377 3078 hic
389 3024 475 3078 habet
487 3024 592 3093 Atque.
733 3026 804 3077 508.
822 3025 932 3087 Phryx
946 3021 1030 3088 Attis,
1045 3023 1077 3074 F.
1090 3021 1126 3076 iv.
1139 3037 1190 3089 223
1203 3039 1209 3088 ;
1232 3022 1329 3076 subest

184 3094 322 3148 uocabulo
335 3093 469 3148 mollitiae
487 3095 533 3148 uel
551 3092 729 3148 castrationis
747 3092 922 3162 significatio,
940 3093 1002 3146 Cat.
1014 3090 1080 3144 lxiii.
1093 3105 1136 3158 22,
1153 3093 1222 3145 Stat.
1236 3110 1263 3144 x.
1280 3104 1330 3158 170

184 3162 231 3216 ubi
250 3163 316 3218 uide
335 3163 521 3232 Lactantium‚
543 3166 628 3218 Mart.
650 3162 707 3217 viii.
728 3164 772 3230 46.
793 3178 811 3228 4
836 3163 874 3216 Te
894 3161 989 3232 Cybele
1008 3167 1098 3215 tatum
1116 3162 1214 3215 mallet
1231 3161 1331 3216 habere

183 3232 308 3304 Phryga,
327 3235 389 3289 h.e.
401 3250 458 3288 non
471 3243 625 3288 castratum
642 3231 732 3287 Attin.
772 3233 815 3288 Cf.
832 3234 904 3287 Aen.
919 3231 965 3285 xii.
983 3246 1025 3300 99,
1044 3233 1115 3285 Stat.
1132 3232 1202 3286 Ach.
1221 3231 1250 3284 ii.
1267 3232 1328 3300 363,

184 3304 251 3358 Eur.
266 3305 358 3358 Orest.
374 3305 448 3372 1528.
491 3305 613 3358 Venator
622 3303 751 3374 Phrygiae
768 3302 791 3356 si
809 3302 925 3370 scribas,
938 3301 1077 3356 ablatiuus
1096 3301 1211 3370 originis
1229 3301 1281 3356 erit
1298 3311 1329 3356 ut

184 3373 315 3429 Plautina
332 3373 380 3428 illa
397 3374 534 3442 hospitem
552 3373 697 3444 Zacyntho
720 3376 808 3428 Merc.
825 3392 851 3427 v.
869 3387 894 3427 2.
913 3374 963 3441 99,“
976 3371 1074 3425 Rhodo
1093 3377 1232 3426 mercator
1248 3371 1330 3425 Asin.

183 3441 210 3496 ii.
224 3457 249 3508 4.
262 3458 296 3532 92
311 3444 434 3514 (Drager
446 3444 464 3498 i.
477 3461 505 3513 p.
517 3442 590 3512 458).
627 3442 737 3498 Similia
749 3452 814 3497 sunt
828 3442 948 3497 Hesiodi
962 3445 1067 3496 Μοῦσαι
1079 3442 1223 3513 Πιερίηθεν,
1236 3442 1329 3495 Theo-

183 3512 245 3566 criti
271 3513 388 3580 Αργόθεν
408 3514 499 3585 ἄνδρες
521 3513 592 3568 xxiv.
613 3528 670 3582 110,
691 3513 857 3568 Callimachi
876 3511 1016 3578 Δωδώνηθε
1034 3512 1170 3581 Πελασγοὶ
1189 3512 1254 3565 Del.
1267 3513 1329 3579 284,

184 3582 322 3637 Nicandri
340 3582 424 3653 φίαον
441 3583 573 3652 Κρήτηθεν
584 3584 664 3638 Alex.
677 3597 738 3652 235,
751 3582 864 3652 Λιβὺηθε
881 3581 952 3650 ῥίζας
968 3581 1005 3636 11).
1020 3582 1079 3650 368,
1093 3591 1243 3651 ceteraque
1256 3599 1330 3651 quae

183 3653 325 3722 congessit
351 3654 541 3710 Schneiderus
564 3654 686 3709 Nicand.
711 3671 738 3723 p.
760 3666 801 3722 95.
862 3656 1112 3717 Berecyntiades.
1154 3653 1230 3706 Pers.
1253 3650 1271 3706 i.
1293 3665 1328 3721 93

182 3723 363 3790 Berecyntius
378 3725 467 3778 Attis.
499 3723 727 3793 Patronymicum
745 3725 781 3778 de
798 3740 832 3777 eo
845 3724 892 3792 qui
906 3723 942 3777 de
958 3724 1115 3792 Berecynto
1132 3730 1228 3776 monte
1245 3721 1328 3790 origi-

182 3809 248 3847 nem
266 3793 357 3860 traxit,
374 3803 404 3848 ut
426 3795 597 3848 Taenarides
614 3813 638 3848 x.
662 3795 719 3861 183,
737 3793 957 3863 Borysthenziiae
976 3794 1059 3861 Prop.
1081 3791 1107 3846 ii.
1128 3805 1152 3859 7.
1175 3793 1214 3847 18.
1245 3794 1329 3846 Bere-

181 3869 303 3932 cyntnm,
321 3880 379 3918 non
397 3864 609 3934 Berecynthiam,
628 3863 809 3919 scribendum
827 3880 890 3919 esse
907 3863 964 3917 iam
983 3880 1017 3918 ex
1036 3863 1134 3931 Steph.
1153 3864 1185 3918 B.
1199 3872 1328 3917 enotarat

183 3934 278 3988 Const.
301 3935 423 3988 Fanens.
446 3937 592 3990 Hecatost.
615 3935 659 3988 81.
812 3936 883 3990 509.
900 3937 1027 3988 Minoae
1046 3934 1156 4000 Cretae,
1174 3949 1247 4002 quae
1266 3932 1329 4001 ipsa

181 4003 296 4056 Minoia
316 4003 419 4058 dicitur
440 4006 472 4059 F.
492 4004 529 4059 iii.
548 4006 591 4060 81.
628 4005 686 4060 Sed
705 4003 797 4059 ethic
815 4013 843 4058 et
862 4003 891 4058 in
909 4021 993 4058 uersu
1013 4005 1082 4057 Her.
1101 4002 1136 4058 vi.
1160 4017 1208 4068 114
1226 4004 1328 4056 Minoa
1392 4038 1397 4043 -

181 4079 251 4127 nata
267 4074 392 4129 Thoante
394 4075 481 4144 seror
490 4075 551 4144 ipse
565 4074 661 4129 Minos
673 4073 829 4143 respicitur.
900 4077 966 4128 510.
986 4077 1194 4139 Corcyraeum
1206 4074 1327 4140 hostem,

181 4144 279 4212 quales
293 4146 466 4213 Corcyraeos
479 4145 585 4214 experti
598 4154 678 4200 erant
692 4147 798 4212 Cretes,
811 4160 876 4197 cum
889 4143 995 4198 Minois
1009 4160 1075 4197 ossa
1087 4160 1121 4196 ex
1134 4142 1231 4197 Sicilia
1243 4143 1327 4196 refer·

180 4222 260 4267 entes
287 4214 452 4284 Corcyraeis
480 4232 598 4284 quorum
624 4216 661 4270 ad
686 4215 750 4270 litus
776 4216 942 4284 appulerant
964 4214 1146 4269 uexabantur.
1184 4212 1261 4266 Hinc
1286 4211 1328 4265 ira

181 4284 297 4338 Cretum
316 4285 345 4338 in
365 4287 547 4355 Corcyraeos,
569 4285 593 4339 si
617 4285 664 4354 qui
683 4286 721 4340 ad
744 4301 775 4338 se
796 4284 999 4353 adplicuerant.
1040 4285 1121 4337 Haec
1142 4281 1327 4345 Scholiastae,

180 4352 318 4408 incertum
331 4371 386 4424 quo
400 4365 522 4410 auctore.
557 4358 681 4410 Mortem
695 4353 801 4410 Minois
815 4354 886 4423 (289,
899 4355 963 4424 290)
976 4363 1122 4407 narrarant
1137 4350 1326 4428 Callimachus

180 4421 209 4476 in
226 4423 317 4479 Aetiis
336 4434 364 4480 et
382 4425 618 4495 Philostephanus
639 4425 744 4494 (Schol.
766 4426 798 4479 ll.
818 4424 843 4478 ii.
860 4436 917 4492 145,
938 4426 1025 4478 Grote
1045 4423 1120 4477 Hist.
1139 4423 1171 4476 of
1187 4423 1326 4499 Graecei.

179 4509 208 4562 p.
227 4493 306 4564 3o8lz
328 4512 363 4553 ex
381 4496 483 4553 eodem
501 4497 579 4552 fonte
596 4497 716 4553 fortasse
733 4505 761 4549 et
779 4496 834 4548 hoc
852 4494 941 4564 petiit,
960 4495 995 4549 cl.
1015 4492 1147 4549 Schneid
1168 4489 1276 4546 Callim.
1297 4505 1326 4543 11.

723 4581 785 4630 La
