3038 5010
590 376 915 441 PROLEGOMENA.
1284 378 1337 441 lvii

184 533 284 594 omnia
308 548 398 612 quam
421 530 645 610 relligiosissime
666 531 814 611 descripsi,
839 532 972 611 quamuis
994 532 1069 593 adeo
1091 531 1209 593 minutis
1232 532 1332 593 litteris

183 625 301 675 exarata
320 624 418 675 esseut
440 623 474 673 ut
496 615 552 675 nisi
576 615 732 674 adiuuante
756 615 832 675 uitro
856 615 913 691 legi
935 632 996 673 non
1016 624 1146 692 possent.
1189 614 1268 674 Tum
1293 634 1331 675 ex

184 696 286 758 codice
299 694 474 772 Phillippico
492 697 577 772 1796,
592 697 642 773 qui
663 713 738 756 saec.
752 697 801 756 xiii
821 696 869 756 uel
887 696 934 755 xiv
950 696 1071 773 scriptus
1088 705 1141 767 est,
1155 695 1331 755 scholiorum

183 778 342 837 maximam
357 787 470 854 partem
490 776 659 854 desumpsi;
680 777 829 850 nonnulla,
850 777 904 837 sed
924 780 1047 854 parcius,
1068 796 1105 836 ex
1120 776 1330 837 Holkhamico.

185 858 270 931 Quae
291 856 449 918 Merkelius
469 858 561 918 edidit
582 877 620 918 ex
640 856 819 931 Askeuiano,
839 858 944 918 eadem
968 859 999 918 in
1022 860 1124 919 codice
1146 862 1186 917 66
1207 858 1331 935 Collegii

185 940 325 1017 Corporis
349 938 457 999 Christi
478 939 557 1017 apud
579 956 635 1000 nos
658 948 782 1013 extant3
811 939 890 999 unde
914 938 1026 1000 collatis
1052 940 1180 1016 utrisque
1204 940 1332 1015 speciem

185 1030 306 1082 conatus
319 1038 385 1080 sum
399 1021 592 1098 redintegrare
605 1021 722 1099 qualem
736 1021 893 1098 antiquitus
907 1020 997 1081 luisse
1012 1020 1146 1081 credibile
1161 1031 1212 1080 est.
1244 1020 1332 1079 Aliud

185 1102 344 1162 subsidium
364 1102 456 1161 adfuit
474 1103 545 1162 mihi
560 1101 764 1180 Repertorium
779 1101 999 1162 Vocabulorum
1017 1102 1145 1162 Conradi
1167 1102 1204 1162 de
1225 1101 1330 1174 Mure3

185 1200 244 1261 quo
258 1183 330 1242 nihil
343 1181 432 1243 habui
446 1184 541 1244 utilius
555 1184 618 1243 siue
633 1184 665 1243 in
678 1184 806 1243 carmine
824 1183 1066 1261 recognoscendo
1085 1185 1146 1243 siue
1160 1184 1191 1242 in
1206 1182 1332 1243 scholiis.

185 1263 291 1342 Neque
309 1264 355 1324 his
373 1274 528 1325 contentus
546 1283 583 1324 ex
601 1262 741 1324 Italorum
759 1266 983 1336 commentariis,
1003 1265 1102 1342 quales
1123 1283 1198 1324 saec.
1217 1283 1255 1323 xv
1271 1282 1332 1323 non

184 1346 270 1423 pauci
296 1345 327 1404 in
356 1346 539 1407 bibliothecis
566 1347 754 1424 reperiuntur,
782 1346 878 1423 aliqua
904 1347 936 1406 in
967 1347 1068 1406 itinere
1095 1345 1228 1422 excerpsi
1256 1363 1332 1422 quae

184 1427 316 1487 obscuris
332 1427 428 1487 lucem
442 1427 572 1487 adlatura
587 1428 753 1488 uiderentur
761 1446 770 1501 ;
798 1427 953 1505 praecipue
972 1446 1009 1488 ex
1023 1427 1165 1487 Patauino
1182 1426 1285 1487 codice
1303 1437 1333 1488 et

184 1517 321 1585 quattuor
333 1508 492 1569 Vaticanis.

226 1590 343 1649 Horum
359 1590 410 1667 qui
423 1590 502 1666 prior
515 1599 559 1650 est
573 1598 666 1650 aetate
682 1588 720 1662 G,
734 1589 845 1650 scholia
861 1590 1033 1668 plerumque
1048 1590 1163 1650 breuius
1178 1589 1332 1667 neriusque

185 1670 303 1730 exhibet
323 1672 434 1744 ceteris,
454 1671 510 1730 nisi
529 1672 610 1749 quod
630 1671 776 1730 interdum
797 1671 835 1731 ad
855 1672 1006 1731 ueritatem
1027 1672 1146 1748 propius
1165 1672 1232 1731 Pet
1248 1671 1331 1731 Mure

185 1751 336 1812 accedunt.
365 1751 443 1812 Nam
458 1751 552 1825 Mure,
567 1770 746 1831 quamquam
760 1753 965 1830 Repertorium
980 1771 1065 1813 suum
1080 1772 1159 1813 anno
1174 1768 1250 1829 1173
1266 1772 1332 1829 per-

186 1833 261 1905 fecit,
283 1833 430 1893 codicibus
457 1833 571 1894 uidetur
597 1851 669 1895 usus
695 1835 842 1910 perbonis‚
864 1835 986 1894 fortasse
1013 1836 1101 1893 etiam
1123 1834 1333 1911 antiquioribus

183 1932 273 1992 quam
286 1933 364 1975 nunc
380 1916 494 1975 utimur.
536 1915 660 1975 Constat
678 1926 755 1976 certe
774 1934 918 1994 nusquam
937 1917 1106 1975 sinceriores
1127 1917 1245 1975 codices
1259 1917 1329 1974 exti-

185 2001 255 2056 tisse
269 2014 357 2073 quam
371 1995 450 2073 apud
464 1996 626 2068 Heluetios,
641 1998 734 2074 qualis
748 1996 795 2056 hic
810 1998 964 2058 Conradus
979 1999 1016 2056 de
1030 1997 1116 2056 Mure
1131 1998 1196 2068 iult;
1219 2016 1287 2055 nam
1303 1998 1333 2054 in

186 2078 280 2155 prima
292 2078 400 2154 pagina
409 2077 571 2156 Repertorii
582 2080 751 2137 doctissimus
760 2080 907 2138 literarum
917 2086 1026 2137 amator
1037 2082 1169 2156 magister
1180 2078 1334 2138 Conrodus

191 2158 348 2217 Turt'cenns
360 2161 486 2218 ecclesiae
501 2160 610 2220 Cantor
627 2160 736 2219 dicitur.
779 2159 852 2220 Aliis
874 2162 904 2218 in
923 2161 996 2220 locis
1010 2161 1033 2218 P
1047 2179 1117 2219 uera
1135 2172 1185 2218 aut
1203 2161 1281 2219 solus
1296 2178 1333 2218 ex

187 2240 293 2301 nostris
304 2241 436 2312 seruauit,
445 2250 477 2299 ut
491 2255 557 2316 159,
569 2255 636 2317 379,
646 2251 695 2300 aut
705 2241 825 2318 optime,
835 2252 867 2301 ut
878 2241 914 2300 de
925 2241 1064 2301 Leucone
1077 2260 1144 2317 310,
1156 2242 1193 2300 de
1203 2241 1334 2299 Atarnite

187 2322 310 2381 Hermia
321 2340 389 2397 319,
403 2323 440 2382 de
456 2322 557 2382 Seruio
571 2333 600 2382 et
611 2323 708 2381 Tullia
719 2325 786 2397 364,
799 2324 835 2383 de
850 2324 952 2400 legatis
966 2325 1004 2382 ab
1014 2322 1179 2381 Hannibale
1195 2324 1334 2381 coniectis

187 2403 217 2461 in
238 2412 357 2481 puteum
380 2406 448 2479 389,
471 2403 507 2463 de
526 2403 678 2464 Procruste
700 2404 759 2462 filio
781 2405 989 2482 Polypemonis
1010 2418 1079 2480 407,
1097 2404 1133 2463 de
1155 2404 1335 2462 Menedemo

188 2499 256 2560 451,
268 2499 327 2560 459
339 2486 389 2544 ubi
403 2503 514 2544 nomen
524 2483 733 2561 Happakekores
746 2485 776 2542 in
791 2488 846 2546 hoc
861 2505 921 2546 uno
935 2495 1021 2557 extat,
1035 2490 1093 2561 463
1110 2487 1146 2545 de
1161 2485 1334 2544 Abantiade.

187 2565 232 2638 Et,
253 2567 335 2641 quod
355 2566 475 2639 mireris,
498 2584 643 2643 nusquam
664 2568 693 2625 in
711 2566 735 2624 P
756 2569 881 2643 reperias
903 2569 986 2627 fictos
1007 2586 1109 2626 uersus
1132 2566 1207 2624 Galli
1226 2566 1336 2625 Tibulli

188 2646 329 2723 Propertii
351 2658 406 2707 etc.
428 2648 478 2724 qui
499 2648 530 2707 in
549 2649 652 2708 ceteris
675 2648 813 2708 omnibus
836 2650 993 2720 codicibus,
1016 2650 1064 2708 ubi
1086 2650 1198 2724 integra
1223 2648 1334 2706 scholia

188 2738 301 2788 seruata
322 2740 397 2800 sunt,
418 2739 519 2789 extant
543 2748 605 2789 non
625 2730 720 2807 pauci,
742 2731 812 2789 olim
837 2741 935 2790 autem
956 2749 993 2789 ne
1014 2748 1032 2789 a
1053 2730 1194 2788 Beruensi
1215 2729 1335 2804 quidem

187 2810 314 2869 aberant.

228 2890 307 2950 Nam
321 2899 389 2950 ante
403 2909 498 2951 annos
512 2891 703 2969 quadraginta
721 2894 835 2952 extabat
854 2893 949 2952 adhuc
963 2893 993 2951 in
1008 2893 1181 2953 bibliotheca
1195 2890 1336 2950 Beruensi

189 2971 282 3032 codex
303 2973 544 3032 membranaceus
566 2992 641 3033 saec.
663 2974 692 3031 xi
713 2973 825 3051 integra
848 2975 964 3034 Scholia
985 2976 1139 3034 continens
1160 2991 1254 3048 usque
1274 2990 1335 3030 au.

191 3067 247 3129 175
270 3052 408 3130 Sisyphus
430 3061 471 3113 est
493 3054 560 3113 illic.
602 3054 699 3114 Huius
724 3057 916 3133 apographon
940 3056 1048 3115 iecerat
1069 3055 1109 3113 H.
1132 3055 1243 3113 Keilius
1268 3064 1335 3112 ante

188 3152 298 3194 annum
325 3137 410 3211 1854,
432 3136 512 3195 unde
536 3137 678 3195 nonnulla
700 3135 853 3213 descripsit
878 3138 1036 3196 Merkelius
1060 3138 1091 3195 in
1114 3137 1158 3195 ed.
1184 3134 1332 3211 Apollonii

189 3215 297 3275 Rhodii
314 3235 390 3294 quae
409 3235 446 3277 eo
468 3235 547 3277 anno
564 3217 679 3295 prodiit.
722 3219 807 3278 Haec
828 3229 857 3277 et
876 3220 976 3278 breuia
997 3219 1141 3295 quaedam
1163 3235 1238 3292 quae
1257 3217 1335 3274 idern

189 3296 347 3358 Merkelius
358 3304 416 3357 ase
426 3308 542 3358 enotata
556 3298 594 3358 ad
608 3317 655 3358 me
670 3301 755 3372 misit,
767 3301 835 3358 satis
846 3300 1046 3360 demonstrant
1061 3300 1193 3358 codicem
1206 3316 1223 3354 a
1234 3298 1335 3355 ceteris

189 3395 250 3437 non
273 3379 362 3456 longe
385 3379 586 3456 discrepasse:
614 3381 678 3457 ipse
701 3382 804 3452 codex,
826 3391 898 3440 teste
924 3381 1053 3457 Hageno
1074 3381 1104 3437 in
1126 3379 1217 3438 Catal.
1240 3379 1335 3437 Codd.

189 3459 274 3519 Bern.
289 3479 318 3537 p.
334 3474 403 3534 512,
418 3460 506 3521 hodie
523 3462 689 3539 deperditus
706 3463 792 3534 latet;
818 3481 873 3521 nec
888 3472 1017 3537 superest
1031 3462 1119 3520 Keilii
1133 3459 1335 3536 apographon.

188 3538 289 3601 Vnum
304 3551 403 3602 tamen
416 3552 536 3601 testatus
551 3553 644 3602 estex
659 3545 800 3603 memoria
814 3543 981 3616 MerkeliuS,
993 3543 1205 3604 Callimachum
1221 3541 1335 3616 saepius

189 3621 229 3680 ibi
243 3623 361 3682 citatum
375 3623 463 3683 fuisse
478 3643 567 3701 quam
580 3625 611 3683 in
625 3624 804 3684 Askeuiano.

230 3702 279 3762 Ad
299 3723 327 3763 u.
350 3724 409 3781 319
432 3705 494 3764 Aut
513 3713 546 3764 ut
563 3706 717 3777 Atarnites,
739 3707 790 3764 ubi
813 3715 905 3765 toturn
929 3705 1063 3764 scholion
1088 3725 1125 3764 ex
1148 3702 1234 3763 Bern.
1257 3711 1336 3762 extat

191 3784 375 3862 descriptum,
390 3786 484 3846 isdem
498 3787 556 3847 fere
570 3788 667 3847 uerbis
686 3797 861 3865 conceptum
875 3797 919 3846 est
938 3788 1042 3863 quihus
1060 3786 1287 3862 Saluagnianum
1308 3793 1337 3842 et

190 3865 235 3925 ed.
253 3867 341 3926 Paris
361 3881 447 3943 1573,
466 3867 518 3927 sed
538 3869 644 3928 additis
664 3879 695 3928 ut
716 3870 747 3926 in
768 3870 813 3927 ed.
833 3869 896 3926 Par.
918 3869 1113 3944 suppositiciis
1133 3868 1265 3925 uersibus
1287 3866 1336 3941 qui

191 3949 295 4006 absunt
309 3967 327 4006 a
342 3948 478 4025 Saluagn.
514 3948 627 4009 Rursus
641 3950 679 4010 ad
695 3970 753 4026 329
769 3949 832 4008 Aut
844 3956 877 4007 ut
887 3951 1076 4009 Amastriacis
1093 3948 1229 4008 conuenit
1244 3946 1336 4005 schol.

191 4028 276 4087 Bern.
293 4029 488 4106 Saluagniano
505 4041 534 4090 et
551 4030 597 4090 ed.
613 4031 709 4104 Paris,
726 4050 827 4090 uersus
841 4030 1010 4089 Fonoxsino
1026 4031 1131 4088 tribuit.
1173 4027 1285 4087 Rursus
1305 4029 1337 4085 in

193 4128 248 4185 331
261 4129 329 4170 cum
342 4111 539 4187 Saluagniano
553 4122 582 4171 et
595 4113 639 4172 ed.
652 4113 741 4172 Paris.
766 4112 976 4173 Callimachum
987 4112 1055 4171 iacit
1065 4121 1213 4169 auctorem
1224 4109 1337 4167 fabulae

192 4191 228 4249 de
237 4190 451 4270 Eurydamante
460 4194 615 4253 Thessalo.
636 4192 772 4270 Denique
781 4194 818 4252 ad
829 4207 887 4271 379
897 4195 1030 4253 uidentur
1040 4193 1110 4252 olim
1120 4193 1222 4251 eadem
1232 4192 1337 4264 scripta

192 4272 279 4333 fuisse
296 4275 327 4332 in
342 4273 429 4333 Bern.
444 4293 519 4352 quae
539 4293 618 4334 nunc
638 4275 773 4351 leguntur
794 4294 856 4334 non
877 4275 973 4334 solum
994 4276 1024 4333 in
1045 4273 1122 4334 Salu.
1139 4283 1167 4331 et
1189 4271 1233 4331 ed.
1249 4271 1336 4327 Paris.

191 4352 346 4414 sedetiam
365 4356 396 4414 in
410 4354 443 4413 P.
480 4356 538 4416 Sed
560 4366 589 4416 et
609 4357 646 4415 ad
663 4360 730 4428 181,
748 4361 813 4429 284,
832 4360 898 4430 185,
915 4375 971 4430 311
992 4356 1029 4414 111
1045 4355 1121 4414 Salu.
1136 4354 1268 4430 proxime
1289 4369 1336 4409 ac·

192 4436 313 4496 cessisse
332 4436 475 4514 colligitur
495 4457 532 4498 ex
547 4438 715 4515 fragmentis
729 4456 804 4514 quae
824 4439 952 4498 enotauit
967 4437 1132 4496 Merkelius.
1176 4433 1285 4493 Contra
1298 4431 1336 4489 ad
