3038 5010
224 395 262 450 94
704 391 886 454 SCHOLIA

224 550 296 692 dGiim
310 550 455 628 quosdam
477 555 507 612 in
528 553 604 613 bello
623 554 779 613 Thebano.

269 729 336 789 549.
346 714 661 792 thueSyracosio.
683 715 780 776 *The·
863 715 1027 780 *Tedicus†
1048 726 1136 794 poeta
1157 716 1281 794 quiade
1302 716 1377 779 Ioue

226 797 336 856 odorus
352 796 542 856 Siracusanus
562 808 650 875 poeta
664 798 716 856 fuit
730 800 780 876 qui
820 799 928 874 probra
955 799 1027 857 dixit
1062 799 1154 857 lactus
1188 800 1309 858 insanus
1344 818 1377 859 se

226 878 302 936 male
322 878 435 937 locutus
458 879 494 938 dc
513 880 587 938 Ioue
605 879 653 938 uel
674 880 779 952 Diana,
821 881 917 957 ipsum
942 883 1062 958 proprriz
1081 899 1170 939 manu
1190 881 1296 958 laqueo
1314 899 1377 941 sus·

226 959 302 1018 adeo
317 961 453 1101 iqsangrit
467 961 547 1037 quod
562 979 593 1019 se
607 962 703 1040 ipsum
718 979 780 1021 sus·
821 960 947 1038 pendit*
991 961 1056 1021 Cet
1067 960 1137 1020 Ask.

266 1043 336 1100 ndit.
427 1086 433 1100 .

226 1059 318 1203 pessd
339 1132 383 1181 est
397 1122 556 1181 Theocrito
580 1123 732 1200 Syracusio
754 1133 869 1200 poetae,
883 1124 942 1200 qui,
957 1142 1023 1184 cum
1046 1125 1077 1182 in
1099 1123 1238 1184 Hieronis
1259 1125 1377 1201 tyranni

227 1204 319 1263 filium
333 1205 465 1263 inuectus
480 1215 565 1274 esset,
576 1207 613 1264 ab
627 1223 664 1264 eo
678 1205 746 1265 ideo
761 1216 805 1264 est
819 1206 885 1281 capi
898 1206 1003 1276 iussus,
1017 1216 1049 1264 ut
1063 1224 1131 1265 eum
1139 1207 1185 1266 'ad
1200 1206 1377 1283 supplicium

227 1286 301 1344 trahi
318 1287 473 1344 simularet
514 1287 706 1362 interrogatus
728 1288 751 1345 si
769 1287 908 1364 deinceps
928 1305 946 1346 a
965 1286 1125 1347 maledictis
1146 1288 1304 1359 desisteret,
1328 1289 1376 1349 ille

227 1385 265 1426 eo
287 1369 380 1426 acrius
405 1368 492 1426 etiam
514 1369 575 1443 regi
600 1369 654 1445 ipsi
677 1368 851 1427 maledicere
876 1370 984 1444 coepit,
1008 1387 1098 1445 quare
1126 1368 1293 1445 indignatus
1313 1388 1377 1429 non

227 1450 286 1507 iam
309 1449 346 1507 ad
368 1448 542 1518 simulatum,
564 1450 617 1509 sed
637 1450 674 1508 ad
702 1460 813 1509 certum
840 1451 1015 1526 supplicium
1036 1452 1098 1528 rapi
1124 1452 1225 1510 iussit:
1256 1451 1377 1527 quidam

227 1530 332 1606 laqueo
361 1531 723 1608 strangulatum‚.quidam
751 1532 845 1607 capite
868 1549 987 1590 caesum
1011 1531 1175 1609 prodidere.
1219 1531 1287 1592 cod.
1308 1532 1376 1593 Sal·

227 1631 338 1688 uagnu.

270 1608 458 1774 [Thehcritus
470 1703 558 1770 pocta
572 1694 780 1764 Bucolicorum,
795 1704 827 1752 ut
841 1694 923 1752 multi
938 1694 1041 1765 lerunt,
1056 1703 1205 1754 truncatus
1222 1703 1266 1754 est
1280 1696 1376 1772 capite

227 1777 308 1851 quod
323 1776 408 1834 dicax
430 1792 491 1833 non
512 1786 625 1835 tantum
644 1776 676 1834 in
695 1775 831 1852 uulgares
847 1776 899 1835 sed
916 1786 945 1834 et
964 1776 995 1833 in
1013 1776 1159 1853 principes
1173 1774 1266 1834 fuerit
1309 1786 1377 1837 sunt

227 1858 278 1932 qui
293 1857 391 1915 dicant
405 1874 495 1931 quom
510 1856 547 1916 ad
566 1875 634 1915 eum
654 1857 746 1916 locum
760 1857 902 1916 deductus
919 1856 1020 1915 fuisset
1038 1858 1088 1917 ubi
1106 1857 1284 1917 truncandus
1304 1868 1375 1930 erat,

226 1956 337 2014 pauore
362 1937 528 2014 perculsum
556 1957 623 1997 cum
651 1939 798 1998 interiisse.
842 1938 964 1998 Ouidius
986 1949 1085 1997 tamen
1107 1938 1155 1997 hic
1179 1958 1246 1997 eum
1269 1939 1375 2014 laqueo

226 2021 443 2096 apprehensum
459 2020 599 2079 interiisse
612 2021 704 2078 uideri
718 2020 788 2078 uult.
833 2019 900 2080 Cod.
916 2022 953 2093 3⁶
969 2018 1129 2079 Semz'norr'z'
1142 2016 1310 2101 Palauim'.]

270 2115 338 2175 551.
360 2100 504 2158 Nudaue
521 2101 662 2178 direpta.
699 2101 778 2159 Mar·
861 2101 1001 2159 Marsiam
1019 2103 1162 2178 significat
1182 2102 1306 2161 Satirum
1325 2104 1376 2179 qui

226 2181 270 2240 sia
292 2182 400 2240 Satirus
423 2183 541 2240 inuenta
564 2183 634 2241 tibia
653 2182 779 2242 Palladis
820 2183 857 2241 ab
885 2183 1023 2259 Apolline
1058 2185 1223 2242 excoriatus
1258 2194 1311 2254 est,
1344 2194 1376 2242 ut

226 2262 355 2339 Apollini
381 2281 412 2321 se
432 2265 647 2339 aequiperauit3
677 2282 695 2321 a
720 2282 779 2340 quo
820 2264 929 2322 dictum
945 2275 988 2323 est
1002 2282 1090 2340 supra
1103 2261 1169 2344 [ibi]
1181 2265 1280 2324 Mens
1294 2283 1375 2342 quo·

227 2347 321 2402 uictus
339 2345 504 2403 excoriatus
521 2355 564 2403 est
581 2355 610 2403 et
626 2345 780 2404 indumen
821 2363 895 2421 que,
910 2346 962 2404 sod
978 2346 1034 2405 illic
1055 2346 1207 2422 proprilzin
1228 2346 1265 2405 de
1286 2346 1376 2404 animi

225 2426 271 2485 sui
286 2427 414 2484 nominis
428 2435 563 2485 mutatus.
605 2425 643 2485 G.
821 2429 967 2503 passione,
978 2428 1025 2487 hic
1037 2428 1073 2487 de
1084 2428 1215 2504 corporis
1228 2429 1374 2504 passione.

824 2507 971 2568 CdAffi

269 2602 338 2663 553.
360 2587 675 2649 Saxificaeuideas.
710 2589 780 2649 Per·

226 2688 304 2743 scus,
320 2670 435 2729 rediens
449 2672 486 2729 ab
500 2671 700 2730 interlectione
714 2670 780 2730 Me·

225 2752 322 2821 duses,
357 2752 501 2811 Phineum
540 2762 570 2811 et
599 2753 707 2812 multos
742 2753 779 2812 de

226 2833 338 2911 populo
372 2836 430 2892 ez'us
465 2833 496 2892 in
530 2852 601 2893 saxa
638 2835 779 2894 conuertit

225 2926 346 2975 ostenso
360 2916 402 2974 eis
417 2917 511 2992 capite
525 2915 683 2992 Gorgonis.
709 2917 779 2977 Oui-

226 2998 292 3057 dius
306 2997 367 3077 (M.
390 2997 419 3056 V.
438 3010 494 3072 157
509 2995 588 3074 sqq).
635 2997 669 3057 C.

269 3093 337 3153 554.
359 3079 559 3155 Cephenum
573 3080 708 3139 multos.
751 3079 829 3154 Quia
842 3079 980 3139 uolebant
995 3079 1100 3140 Persea
1114 3080 1257 3140 occidere.
1295 3080 1332 3141 G.

269 3176 337 3235 555.
380 3160 584 3219 Potniadum
636 3179 778 3221 morsus.
861 3161 990 3221 Glaucus
1023 3162 1199 3239 despiciebat
1234 3163 1375 3222 sacrificia

226 3241 312 3300 Vnus
322 3240 665 3314 GlaucusfestaVeneris
674 3244 778 3302 nolens
818 3242 952 3316 Veneris,
974 3243 1049 3303 vnde
1070 3245 1117 3303 illa
1138 3245 1209 3303 irata
1222 3245 1375 3303 Potniades

226 3324 380 3395 celebrare,
409 3324 447 3381 ab
471 3326 601 3400 equabus
624 3325 778 3384 deuoratus
819 3342 908 3402 equas
923 3344 941 3384 a
959 3325 1025 3385 loco
1043 3326 1084 3384 sic
1099 3326 1191 3385 dictas
1205 3344 1278 3402 quas
1292 3327 1374 3403 equi·

226 3416 278 3476 est,
293 3422 367 3481 quae
385 3415 451 3462 sunt
470 3406 605 3464 animalia
622 3405 778 3478 luxuriosa,
820 3409 900 3466 tabat
927 3408 958 3465 in
986 3425 1054 3466 eum
1082 3409 1232 3467 conuertit.
1275 3409 1374 3483 itaque

227 3505 301 3562 quae
316 3487 410 3546 dictae
425 3496 492 3545 sunt
500 3486 656 3546 Potniades
670 3506 687 3546 a
701 3489 776 3547 loeo.
819 3499 914 3548 totum
927 3489 1024 3567 ipsum
1039 3489 1275 3549 dilacerauerunt.
1310 3489 1337 3550 C
1349 3495 1376 3547 et

228 3567 266 3629 G.
818 3570 888 3629 Ask.

269 3651 337 3723 556.
367 3649 476 3726 Inque
519 3649 621 3709 maris
666 3650 778 3710 salias.
860 3651 990 3711 Glaucus
1001 3650 1128 3730 piscator
1142 3651 1264 3728 proiecit
1277 3651 1373 3729 pisces

264 3826 325 3875 549.
344 3811 602 3879 Historiaeficticiae.
640 3811 758 3866 Teditus
771 3815 837 3868 Ask.
897 3830 948 3882 pro
961 3806 1192 3881 manulaqueoG
1260 3814 1373 3881 proprio

227 3880 325 3948 laqueo
338 3883 404 3934 Ask.
466 3883 543 3936 Mure
555 3884 630 3936 habet
641 3885 703 3937 haec
716 3884 883 3938 Theocritus
895 3886 980 3938 eciam
994 3885 1065 3937 alter
1077 3884 1121 3936 uel
1134 3882 1287 3937 theudocus
1300 3884 1372 3936 male

227 3951 335 4003 locutus
352 3951 386 4003 de
403 3952 465 4005 ioue
482 3959 512 4006 ut
529 3953 599 4006 latro
616 3958 659 4006 est
676 3971 828 4022 suspensus.
865 3957 945 4009 aliter
963 3956 1072 4024 quidam
1090 3960 1172 4022 poeta
1189 3954 1308 4022 quodam
1327 3956 1372 4007 die

227 4037 328 4089 equum
349 4023 471 4076 ascendit
490 4024 686 4092 imponensque
706 4026 834 4095 laqueum
854 4026 945 4079 arbori
968 4043 1022 4094 qua
1040 4031 1100 4078 erat
1118 4025 1279 4078 transiturus
1298 4026 1372 4093 cepit

227 4107 329 4159 equum
346 4093 495 4146 calcaribus
511 4110 609 4160 urgere
625 4102 656 4149 et
672 4096 723 4149 sub
740 4096 838 4150 arbore
855 4097 970 4150 transire
987 4096 1083 4149 uolens
1101 4097 1190 4163 capite
1207 4095 1256 4163 ipsi
1274 4095 1373 4164 laqueo

227 4162 358 4230 implicito
374 4165 566 4230 strangulatur.
606 4168 677 4236 Quae
688 4178 806 4221 secuntur
821 4188 851 4220 ex
864 4170 1002 4237 Saluagm'i
1013 4168 1093 4220 codice
1103 4185 1231 4221 uereorne
1239 4166 1308 4233 ficta
1321 4169 1373 4220 sint
1438 4202 1441 4207 ·

226 4234 320 4288 omnia.
367 4235 438 4304 Quae
449 4254 481 4287 ex
493 4239 622 4290 Patauino
633 4237 712 4291 attuli
723 4250 752 4293 ut
763 4240 792 4292 de
804 4239 931 4293 Theocrito
940 4239 1029 4305 falsa,
1043 4241 1081 4291 ita
1097 4240 1127 4291 de
1139 4239 1294 4306 Antiphonte
1310 4257 1372 4291 uera

225 4316 293 4359 sunt.
331 4305 391 4359 Vide
405 4309 621 4362 commentarium.

262 4392 323 4440 551.
341 4376 379 4428 ibi
391 4395 439 4431 om.
453 4378 519 4432 Ask.
590 4378 766 4447 propriumG
834 4380 868 4433 de
881 4379 1005 4449 passione
1017 4378 1100 4432 animi
1112 4379 1222 4448 proprie
1234 4379 1301 4434 Ask.

263 4463 324 4512 553.
342 4446 438 4500 medus
451 4453 494 4500 est
506 4449 535 4503 G.
607 4448 676 4518 eius]
689 4466 739 4502 suo
751 4451 781 4505 G.

263 4535 323 4582 555.
339 4518 518 4587 postmadeG
587 4520 752 4590 peniadesG
820 4521 940 4590 equesC
1008 4521 1046 4574 ita
1057 4520 1132 4589 quod
1145 4521 1172 4575 G.
