<?xml version="1.0" encoding="UTF-8"?>
<!DOCTYPE html PUBLIC "-//W3C//DTD XHTML 1.0 Transitional//EN"
    "http://www.w3.org/TR/xhtml1/DTD/xhtml1-transitional.dtd">
<html xmlns="http://www.w3.org/1999/xhtml" xml:lang="en" lang="en">
 <head>
  <title>
</title>
<meta http-equiv="Content-Type" content="text/html;charset=utf-8" />
  <meta name='ocr-system' content='tesseract 3.04.00' />
  <meta name='ocr-capabilities' content='ocr_page ocr_carea ocr_par ocr_line ocrx_word'/>
</head>
<body>
  <div class='ocr_page' id='page_1' title='image "./povidiinasonisi00elligoog_0153.png"; bbox 0 0 3038 5010; ppageno 0'>
   <div class='ocr_carea' id='block_1_1' title="bbox 224 350 900 413">
    <p class='ocr_par' dir='ltr' id='par_1_1' title="bbox 224 350 900 413">
     <span class='ocr_line' id='line_1_1' title="bbox 224 350 900 413; baseline -0.004 -1"><span class='ocrx_word' id='word_1_1' title='bbox 224 358 261 413; x_wconf 87' lang='lat'><strong>88</strong></span> <span class='ocrx_word' id='word_1_2' title='bbox 719 350 900 413; x_wconf 82' lang='lat' dir='ltr'><strong>SCHOLIA</strong></span> 
     </span>
    </p>
   </div>
   <div class='ocr_carea' id='block_1_2' title="bbox 222 505 1376 1480">
    <p class='ocr_par' dir='ltr' id='par_1_2' title="bbox 222 505 1374 586">
     <span class='ocr_line' id='line_1_2' title="bbox 222 505 1374 586; baseline -0.005 -15"><span class='ocrx_word' id='word_1_3' title='bbox 222 509 300 586; x_wconf 89' lang='lat' dir='ltr'><strong>capti</strong></span> <span class='ocrx_word' id='word_1_4' title='bbox 328 508 481 586; x_wconf 86' lang='lat' dir='ltr'><strong>suspendit</strong></span> <span class='ocrx_word' id='word_1_5' title='bbox 507 509 538 569; x_wconf 90' lang='lat' dir='ltr'><strong>in</strong></span> <span class='ocrx_word' id='word_1_6' title='bbox 568 507 690 569; x_wconf 85' lang='lat' dir='ltr'><strong>arbore:</strong></span> <span class='ocrx_word' id='word_1_7' title='bbox 727 506 780 567; x_wconf 91' lang='lat' dir='ltr'><strong>sed</strong></span> <span class='ocrx_word' id='word_1_8' title='bbox 820 509 938 567; x_wconf 84' lang='lat' dir='ltr'><strong>inmane</strong></span> <span class='ocrx_word' id='word_1_9' title='bbox 957 507 1019 584; x_wconf 90' lang='lat' dir='ltr'><strong>apri</strong></span> <span class='ocrx_word' id='word_1_10' title='bbox 1038 506 1101 566; x_wconf 88' lang='lat' dir='ltr'>fixit</span> <span class='ocrx_word' id='word_1_11' title='bbox 1114 506 1144 565; x_wconf 90' lang='lat' dir='ltr'><strong>in</strong></span> <span class='ocrx_word' id='word_1_12' title='bbox 1158 507 1270 579; x_wconf 91' lang='lat' dir='ltr'><strong>arbore,</strong></span> <span class='ocrx_word' id='word_1_13' title='bbox 1286 517 1315 566; x_wconf 94' lang='lat' dir='ltr'><strong>et</strong></span> <span class='ocrx_word' id='word_1_14' title='bbox 1328 505 1374 565; x_wconf 91' lang='lat' dir='ltr'><strong>in-</strong></span> 
     </span>
    </p>

    <p class='ocr_par' dir='ltr' id='par_1_3' title="bbox 222 588 1374 667">
     <span class='ocr_line' id='line_1_3' title="bbox 222 588 1374 667; baseline -0.002 -18"><span class='ocrx_word' id='word_1_15' title='bbox 222 591 291 667; x_wconf 91' lang='lat' dir='ltr'><strong>quia</strong></span> <span class='ocrx_word' id='word_1_16' title='bbox 305 590 382 649; x_wconf 89' lang='lat' dir='ltr'><strong>male</strong></span> <span class='ocrx_word' id='word_1_17' title='bbox 399 591 514 651; x_wconf 91' lang='lat' dir='ltr'><strong>locutus</strong></span> <span class='ocrx_word' id='word_1_18' title='bbox 528 588 581 648; x_wconf 88' lang='lat' dir='ltr'><strong>fuit</strong></span> <span class='ocrx_word' id='word_1_19' title='bbox 595 590 625 648; x_wconf 93' lang='lat' dir='ltr'><strong>in</strong></span> <span class='ocrx_word' id='word_1_20' title='bbox 640 589 776 661; x_wconf 86' lang='lat' dir='ltr'>Dianam,</span> <span class='ocrx_word' id='word_1_21' title='bbox 818 589 946 650; x_wconf 87' lang='lat' dir='ltr'><strong>solenter</strong></span> <span class='ocrx_word' id='word_1_22' title='bbox 971 589 1084 649; x_wconf 87' lang='lat' dir='ltr'><strong>locutus</strong></span> <span class='ocrx_word' id='word_1_23' title='bbox 1108 590 1139 647; x_wconf 92' lang='lat' dir='ltr'><strong>in</strong></span> <span class='ocrx_word' id='word_1_24' title='bbox 1161 588 1290 646; x_wconf 82' lang='lat' dir='ltr'>Dianam</span> <span class='ocrx_word' id='word_1_25' title='bbox 1317 590 1374 648; x_wconf 92' lang='lat' dir='ltr'><strong>sub</strong></span> 
     </span>
    </p>

    <p class='ocr_par' dir='ltr' id='par_1_4' title="bbox 222 669 1376 749">
     <span class='ocr_line' id='line_1_4' title="bbox 222 669 1376 749; baseline -0.001 -19"><span class='ocrx_word' id='word_1_26' title='bbox 222 672 271 731; x_wconf 92' lang='lat' dir='ltr'><strong>illa</strong></span> <span class='ocrx_word' id='word_1_27' title='bbox 294 672 428 744; x_wconf 86' lang='lat' dir='ltr'><strong>faciente,</strong></span> <span class='ocrx_word' id='word_1_28' title='bbox 451 670 555 732; x_wconf 88' lang='lat' dir='ltr'><strong>cecidit</strong></span> <span class='ocrx_word' id='word_1_29' title='bbox 579 680 667 748; x_wconf 91' lang='lat' dir='ltr'><strong>caput</strong></span> <span class='ocrx_word' id='word_1_30' title='bbox 690 689 778 749; x_wconf 91' lang='lat' dir='ltr'><strong>super</strong></span> <span class='ocrx_word' id='word_1_31' title='bbox 818 670 922 730; x_wconf 90' lang='lat' dir='ltr'><strong>eadem</strong></span> <span class='ocrx_word' id='word_1_32' title='bbox 933 671 1035 730; x_wconf 89' lang='lat' dir='ltr'><strong>arbore</strong></span> <span class='ocrx_word' id='word_1_33' title='bbox 1050 670 1205 730; x_wconf 87' lang='lat' dir='ltr'><strong>occubuit:</strong></span> <span class='ocrx_word' id='word_1_34' title='bbox 1223 670 1291 729; x_wconf 92' lang='lat' dir='ltr'><strong>huic</strong></span> <span class='ocrx_word' id='word_1_35' title='bbox 1306 669 1376 729; x_wconf 89' lang='lat' dir='ltr'><strong>dor-</strong></span> 
     </span>
    </p>

    <p class='ocr_par' dir='ltr' id='par_1_5' title="bbox 223 751 1376 892">
     <span class='ocr_line' id='line_1_5' title="bbox 223 751 1376 831; baseline -0.003 -17"><span class='ocrx_word' id='word_1_36' title='bbox 223 764 326 831; x_wconf 91' lang='lat' dir='ltr'><strong>pectus</strong></span> <span class='ocrx_word' id='word_1_37' title='bbox 342 754 404 814; x_wconf 92' lang='lat' dir='ltr'><strong>eius</strong></span> <span class='ocrx_word' id='word_1_38' title='bbox 418 763 447 813; x_wconf 91' lang='lat' dir='ltr'><strong>et</strong></span> <span class='ocrx_word' id='word_1_39' title='bbox 460 756 592 812; x_wconf 88' lang='lat' dir='ltr'><strong>mortuus</strong></span> <span class='ocrx_word' id='word_1_40' title='bbox 606 761 659 812; x_wconf 84' lang='lat' dir='ltr'><strong>est</strong></span> <span class='ocrx_word' id='word_1_41' title='bbox 703 751 740 813; x_wconf 87' lang='lat' dir='ltr'><strong>G.</strong></span> <span class='ocrx_word' id='word_1_42' title='bbox 820 752 920 811; x_wconf 90' lang='lat' dir='ltr'><strong>mienti</strong></span> <span class='ocrx_word' id='word_1_43' title='bbox 948 753 979 811; x_wconf 87' lang='lat' dir='ltr'><strong>in</strong></span> <span class='ocrx_word' id='word_1_44' title='bbox 1009 761 1097 828; x_wconf 91' lang='lat' dir='ltr'><strong>caput</strong></span> <span class='ocrx_word' id='word_1_45' title='bbox 1121 752 1223 810; x_wconf 83' lang='lat' dir='ltr'><strong>incidit</strong></span> <span class='ocrx_word' id='word_1_46' title='bbox 1248 753 1376 829; x_wconf 89' lang='lat' dir='ltr'><strong>impetus</strong></span> 
     </span>
     <span class='ocr_line' id='line_1_6' title="bbox 820 832 1139 892; baseline 0 0"><span class='ocrx_word' id='word_1_47' title='bbox 820 843 850 892; x_wconf 93' lang='lat' dir='ltr'><strong>et</strong></span> <span class='ocrx_word' id='word_1_48' title='bbox 863 851 931 891; x_wconf 92' lang='lat' dir='ltr'><strong>eum</strong></span> <span class='ocrx_word' id='word_1_49' title='bbox 944 832 1059 892; x_wconf 89' lang='lat' dir='ltr'><strong>occidit.</strong></span> <span class='ocrx_word' id='word_1_50' title='bbox 1100 833 1139 892; x_wconf 89' lang='lat' dir='ltr'><strong>P.</strong></span> 
     </span>
    </p>

    <p class='ocr_par' dir='ltr' id='par_1_6' title="bbox 223 912 1374 1154">
     <span class='ocr_line' id='line_1_7' title="bbox 264 912 1373 991; baseline 0 -18"><span class='ocrx_word' id='word_1_51' title='bbox 264 914 400 975; x_wconf 89' lang='lat' dir='ltr'><strong>Driamas</strong></span> <span class='ocrx_word' id='word_1_52' title='bbox 415 915 476 974; x_wconf 91' lang='lat' dir='ltr'><strong>siue</strong></span> <span class='ocrx_word' id='word_1_53' title='bbox 491 912 602 973; x_wconf 91' lang='lat' dir='ltr'><strong>Thoon</strong></span> <span class='ocrx_word' id='word_1_54' title='bbox 615 912 694 991; x_wconf 91' lang='lat' dir='ltr'><strong>apud</strong></span> <span class='ocrx_word' id='word_1_55' title='bbox 709 913 823 973; x_wconf 89' lang='lat' dir='ltr'><strong>Italiam</strong></span> <span class='ocrx_word' id='word_1_56' title='bbox 844 915 991 973; x_wconf 90' lang='lat' dir='ltr'><strong>ciuitatem</strong></span> <span class='ocrx_word' id='word_1_57' title='bbox 1011 923 1134 973; x_wconf 91' lang='lat' dir='ltr'><strong>uenator</strong></span> <span class='ocrx_word' id='word_1_58' title='bbox 1148 913 1262 973; x_wconf 93' lang='lat' dir='ltr'><strong>Dianae</strong></span> <span class='ocrx_word' id='word_1_59' title='bbox 1282 913 1373 973; x_wconf 90' lang='lat' dir='ltr'><strong>male-</strong></span> 
     </span>
     <span class='ocr_line' id='line_1_8' title="bbox 223 995 1374 1073; baseline -0.002 -17"><span class='ocrx_word' id='word_1_60' title='bbox 223 996 312 1057; x_wconf 83' lang='lat' dir='ltr'>dixit:</span> <span class='ocrx_word' id='word_1_61' title='bbox 334 996 414 1055; x_wconf 93' lang='lat' dir='ltr'><strong>unde</strong></span> <span class='ocrx_word' id='word_1_62' title='bbox 427 998 481 1055; x_wconf 89' lang='lat' dir='ltr'><strong>sub</strong></span> <span class='ocrx_word' id='word_1_63' title='bbox 496 995 598 1055; x_wconf 88' lang='lat' dir='ltr'><strong>arbore</strong></span> <span class='ocrx_word' id='word_1_64' title='bbox 612 997 758 1055; x_wconf 87' lang='lat' dir='ltr'><strong>accubans</strong></span> <span class='ocrx_word' id='word_1_65' title='bbox 773 1013 791 1054; x_wconf 92' lang='lat' dir='ltr'><strong>a</strong></span> <span class='ocrx_word' id='word_1_66' title='bbox 805 996 898 1072; x_wconf 89' lang='lat' dir='ltr'><strong>capite</strong></span> <span class='ocrx_word' id='word_1_67' title='bbox 913 995 975 1073; x_wconf 90' lang='lat' dir='ltr'><strong>apri</strong></span> <span class='ocrx_word' id='word_1_68' title='bbox 989 995 1079 1055; x_wconf 93' lang='lat' dir='ltr'><strong>occisi</strong></span> <span class='ocrx_word' id='word_1_69' title='bbox 1093 996 1124 1053; x_wconf 93' lang='lat' dir='ltr'><strong>in</strong></span> <span class='ocrx_word' id='word_1_70' title='bbox 1135 1013 1217 1054; x_wconf 89' lang='lat' dir='ltr'><strong>ramo</strong></span> <span class='ocrx_word' id='word_1_71' title='bbox 1228 1013 1374 1072; x_wconf 88' lang='lat' dir='ltr'><strong>suspenso</strong></span> 
     </span>
     <span class='ocr_line' id='line_1_9' title="bbox 223 1075 1271 1154; baseline -0.005 -14"><span class='ocrx_word' id='word_1_72' title='bbox 223 1087 252 1141; x_wconf 77' lang='lat' dir='ltr'><strong>et</strong></span> <span class='ocrx_word' id='word_1_73' title='bbox 268 1095 356 1154; x_wconf 89' lang='lat' dir='ltr'><strong>supra</strong></span> <span class='ocrx_word' id='word_1_74' title='bbox 370 1087 472 1154; x_wconf 87' lang='lat' dir='ltr'><strong>pectus</strong></span> <span class='ocrx_word' id='word_1_75' title='bbox 486 1078 544 1136; x_wconf 78' lang='lat' dir='ltr'><strong>ecies</strong></span> <span class='ocrx_word' id='word_1_76' title='bbox 558 1076 678 1154; x_wconf 90' lang='lat' dir='ltr'><strong>delapso</strong></span> <span class='ocrx_word' id='word_1_77' title='bbox 694 1087 765 1136; x_wconf 92' lang='lat' dir='ltr'><strong>nutu</strong></span> <span class='ocrx_word' id='word_1_78' title='bbox 779 1076 892 1136; x_wconf 89' lang='lat' dir='ltr'><strong>Dianae</strong></span> <span class='ocrx_word' id='word_1_79' title='bbox 907 1086 951 1136; x_wconf 91' lang='lat' dir='ltr'><strong>est</strong></span> <span class='ocrx_word' id='word_1_80' title='bbox 964 1094 1132 1153; x_wconf 89' lang='lat' dir='ltr'><strong>oppressus.</strong></span> <span class='ocrx_word' id='word_1_81' title='bbox 1174 1075 1271 1135; x_wconf 86' lang='lat' dir='ltr'><strong>Marc.</strong></span> 
     </span>
    </p>

    <p class='ocr_par' dir='ltr' id='par_1_7' title="bbox 223 1157 1376 1480">
     <span class='ocr_line' id='line_1_10' title="bbox 268 1157 1374 1233; baseline 0.001 -17"><span class='ocrx_word' id='word_1_82' title='bbox 268 1171 336 1233; x_wconf 84' lang='lat'><strong>507.</strong></span> <span class='ocrx_word' id='word_1_83' title='bbox 359 1158 437 1217; x_wconf 85' lang='lat' dir='ltr'><strong>Siue</strong></span> <span class='ocrx_word' id='word_1_84' title='bbox 458 1157 548 1217; x_wconf 92' lang='lat' dir='ltr'><strong>idem</strong></span> <span class='ocrx_word' id='word_1_85' title='bbox 569 1158 680 1217; x_wconf 89' lang='lat' dir='ltr'><strong>simili.</strong></span> <span class='ocrx_word' id='word_1_86' title='bbox 722 1159 778 1219; x_wconf 93' lang='lat' dir='ltr'><strong>Be·</strong></span> <span class='ocrx_word' id='word_1_87' title='bbox 861 1158 1032 1217; x_wconf 89' lang='lat' dir='ltr'><strong>Berecintus</strong></span> <span class='ocrx_word' id='word_1_88' title='bbox 1049 1158 1143 1216; x_wconf 89' lang='lat' dir='ltr'><strong>insula</strong></span> <span class='ocrx_word' id='word_1_89' title='bbox 1162 1167 1205 1217; x_wconf 90' lang='lat' dir='ltr'><strong>est</strong></span> <span class='ocrx_word' id='word_1_90' title='bbox 1225 1157 1272 1216; x_wconf 92' lang='lat' dir='ltr'><strong>uel</strong></span> <span class='ocrx_word' id='word_1_91' title='bbox 1286 1175 1374 1217; x_wconf 89' lang='lat' dir='ltr'><strong>mons</strong></span> 
     </span>
     <span class='ocr_line' id='line_1_11' title="bbox 224 1239 1375 1316; baseline 0.001 -18"><span class='ocrx_word' id='word_1_92' title='bbox 224 1240 396 1307; x_wconf 84' lang='lat' dir='ltr'><strong>recintiades</strong></span> <span class='ocrx_word' id='word_1_93' title='bbox 411 1239 453 1299; x_wconf 91' lang='lat' dir='ltr'><strong>sic</strong></span> <span class='ocrx_word' id='word_1_94' title='bbox 474 1239 568 1299; x_wconf 91' lang='lat' dir='ltr'><strong>dictus</strong></span> <span class='ocrx_word' id='word_1_95' title='bbox 582 1257 600 1298; x_wconf 93' lang='lat' dir='ltr'><strong>a</strong></span> <span class='ocrx_word' id='word_1_96' title='bbox 615 1239 778 1300; x_wconf 91' lang='lat' dir='ltr'><strong>Berecintio</strong></span> <span class='ocrx_word' id='word_1_97' title='bbox 819 1239 850 1298; x_wconf 93' lang='lat' dir='ltr'><strong>in</strong></span> <span class='ocrx_word' id='word_1_98' title='bbox 871 1239 968 1316; x_wconf 87' lang='lat' dir='ltr'><strong>Frigia</strong></span> <span class='ocrx_word' id='word_1_99' title='bbox 989 1240 1039 1298; x_wconf 92' lang='lat' dir='ltr'><strong>ubi</strong></span> <span class='ocrx_word' id='word_1_100' title='bbox 1060 1240 1141 1298; x_wconf 78' lang='lat' dir='ltr'><strong>Attin</strong></span> <span class='ocrx_word' id='word_1_101' title='bbox 1161 1248 1284 1298; x_wconf 88' lang='lat' dir='ltr'><strong>uenator</strong></span> <span class='ocrx_word' id='word_1_102' title='bbox 1306 1240 1375 1314; x_wconf 84' lang='lat' dir='ltr'><strong>quia</strong></span> 
     </span>
     <span class='ocr_line' id='line_1_12' title="bbox 223 1320 1376 1399; baseline -0.001 -19"><span class='ocrx_word' id='word_1_103' title='bbox 223 1331 325 1380; x_wconf 88' lang='lat' dir='ltr'><strong>monte</strong></span> <span class='ocrx_word' id='word_1_104' title='bbox 340 1320 425 1382; x_wconf 87' lang='lat' dir='ltr'><strong>simili</strong></span> <span class='ocrx_word' id='word_1_105' title='bbox 439 1330 532 1381; x_wconf 90' lang='lat' dir='ltr'><strong>morte</strong></span> <span class='ocrx_word' id='word_1_106' title='bbox 547 1320 632 1383; x_wconf 82' lang='lat' dir='ltr'><strong>simili</strong></span> <span class='ocrx_word' id='word_1_107' title='bbox 645 1320 682 1381; x_wconf 91' lang='lat' dir='ltr'><strong>de</strong></span> <span class='ocrx_word' id='word_1_108' title='bbox 693 1322 778 1399; x_wconf 88' lang='lat' dir='ltr'><strong>culpa</strong></span> <span class='ocrx_word' id='word_1_109' title='bbox 818 1321 976 1381; x_wconf 86' lang='lat' dir='ltr'><strong>insolenter</strong></span> <span class='ocrx_word' id='word_1_110' title='bbox 992 1320 1107 1380; x_wconf 88' lang='lat' dir='ltr'><strong>locutus</strong></span> <span class='ocrx_word' id='word_1_111' title='bbox 1121 1330 1164 1379; x_wconf 91' lang='lat' dir='ltr'><strong>est</strong></span> <span class='ocrx_word' id='word_1_112' title='bbox 1181 1320 1211 1378; x_wconf 92' lang='lat' dir='ltr'><strong>in</strong></span> <span class='ocrx_word' id='word_1_113' title='bbox 1225 1320 1376 1384; x_wconf 83' lang='lat' dir='ltr'><strong>†Dc‘anam</strong></span> 
     </span>
     <span class='ocr_line' id='line_1_13' title="bbox 224 1400 1376 1480; baseline 0 -17"><span class='ocrx_word' id='word_1_114' title='bbox 224 1402 337 1466; x_wconf 90' lang='lat' dir='ltr'><strong>cecidit.</strong></span> <span class='ocrx_word' id='word_1_115' title='bbox 383 1401 420 1469; x_wconf 84' lang='lat' dir='ltr'><strong>G.</strong></span> <span class='ocrx_word' id='word_1_116' title='bbox 822 1403 925 1462; x_wconf 88' lang='lat' dir='ltr'><strong>eadem</strong></span> <span class='ocrx_word' id='word_1_117' title='bbox 938 1412 1032 1462; x_wconf 91' lang='lat' dir='ltr'><strong>morte</strong></span> <span class='ocrx_word' id='word_1_118' title='bbox 1048 1403 1131 1479; x_wconf 90' lang='lat' dir='ltr'><strong>periit</strong></span> <span class='ocrx_word' id='word_1_119' title='bbox 1148 1412 1248 1480; x_wconf 90' lang='lat' dir='ltr'><strong>quaet</strong></span> <span class='ocrx_word' id='word_1_120' title='bbox 1263 1400 1376 1463; x_wconf 89' lang='lat' dir='ltr'><strong>Thoas.</strong></span> 
     </span>
    </p>
   </div>
   <div class='ocr_carea' id='block_1_3' title="bbox 225 1564 1378 2376">
    <p class='ocr_par' dir='ltr' id='par_1_8' title="bbox 225 1564 1376 1804">
     <span class='ocr_line' id='line_1_14' title="bbox 266 1564 1376 1642; baseline 0 -19"><span class='ocrx_word' id='word_1_121' title='bbox 266 1564 331 1625; x_wconf 86' lang='lat' dir='ltr'><strong>Atis</strong></span> <span class='ocrx_word' id='word_1_122' title='bbox 345 1565 376 1623; x_wconf 90' lang='lat' dir='ltr'><strong>in</strong></span> <span class='ocrx_word' id='word_1_123' title='bbox 389 1564 574 1641; x_wconf 91' lang='lat' dir='ltr'><strong>Berecyntho</strong></span> <span class='ocrx_word' id='word_1_124' title='bbox 586 1575 694 1637; x_wconf 90' lang='lat' dir='ltr'><strong>monte,</strong></span> <span class='ocrx_word' id='word_1_125' title='bbox 706 1564 756 1623; x_wconf 92' lang='lat' dir='ltr'><strong>ubi</strong></span> <span class='ocrx_word' id='word_1_126' title='bbox 767 1564 892 1642; x_wconf 86' lang='lat' dir='ltr'><strong>Cybeles</strong></span> <span class='ocrx_word' id='word_1_127' title='bbox 907 1582 989 1626; x_wconf 87' lang='lat' dir='ltr'><strong>sacra</strong></span> <span class='ocrx_word' id='word_1_128' title='bbox 1003 1564 1120 1635; x_wconf 92' lang='lat' dir='ltr'><strong>fiebant,</strong></span> <span class='ocrx_word' id='word_1_129' title='bbox 1133 1583 1201 1624; x_wconf 90' lang='lat' dir='ltr'><strong>cum</strong></span> <span class='ocrx_word' id='word_1_130' title='bbox 1214 1573 1376 1636; x_wconf 87' lang='lat' dir='ltr'><strong>uenaretur‚</strong></span> 
     </span>
     <span class='ocr_line' id='line_1_15' title="bbox 225 1645 1376 1724; baseline -0.003 -16"><span class='ocrx_word' id='word_1_131' title='bbox 225 1645 394 1708; x_wconf 84' lang='lat' dir='ltr'><strong>lassitudine</strong></span> <span class='ocrx_word' id='word_1_132' title='bbox 419 1664 586 1723; x_wconf 90' lang='lat' dir='ltr'><strong>oppressus,</strong></span> <span class='ocrx_word' id='word_1_133' title='bbox 610 1647 664 1706; x_wconf 92' lang='lat' dir='ltr'><strong>sub</strong></span> <span class='ocrx_word' id='word_1_134' title='bbox 692 1647 765 1722; x_wconf 89' lang='lat' dir='ltr'><strong>pinu</strong></span> <span class='ocrx_word' id='word_1_135' title='bbox 787 1664 926 1706; x_wconf 89' lang='lat' dir='ltr'><strong>somnum</strong></span> <span class='ocrx_word' id='word_1_136' title='bbox 951 1647 1078 1723; x_wconf 90' lang='lat' dir='ltr'><strong>capiens,</strong></span> <span class='ocrx_word' id='word_1_137' title='bbox 1101 1647 1180 1722; x_wconf 91' lang='lat' dir='ltr'><strong>pinei</strong></span> <span class='ocrx_word' id='word_1_138' title='bbox 1202 1646 1284 1724; x_wconf 91' lang='lat' dir='ltr'><strong>pomi</strong></span> <span class='ocrx_word' id='word_1_139' title='bbox 1307 1663 1376 1705; x_wconf 91' lang='lat' dir='ltr'><strong>casu</strong></span> 
     </span>
     <span class='ocr_line' id='line_1_16' title="bbox 226 1726 701 1804; baseline -0.002 -15"><span class='ocrx_word' id='word_1_140' title='bbox 226 1729 347 1789; x_wconf 92' lang='lat' dir='ltr'><strong>obrutus</strong></span> <span class='ocrx_word' id='word_1_141' title='bbox 362 1737 414 1788; x_wconf 88' lang='lat' dir='ltr'><strong>est.</strong></span> <span class='ocrx_word' id='word_1_142' title='bbox 458 1726 525 1787; x_wconf 86' lang='lat' dir='ltr'><strong>Cod.</strong></span> <span class='ocrx_word' id='word_1_143' title='bbox 540 1726 701 1804; x_wconf 83' lang='lat' dir='ltr'><strong>Saluagm‘i.</strong></span> 
     </span>
    </p>

    <p class='ocr_par' dir='ltr' id='par_1_9' title="bbox 226 1807 1378 2376">
     <span class='ocr_line' id='line_1_17' title="bbox 234 1807 1378 1885; baseline -0.001 -17"><span class='ocrx_word' id='word_1_144' title='bbox 234 1841 240 1849; x_wconf 32' lang='grc' dir='ltr'>α</span> <span class='ocrx_word' id='word_1_145' title='bbox 270 1824 338 1884; x_wconf 87' lang='lat'><strong>509.</strong></span> <span class='ocrx_word' id='word_1_146' title='bbox 361 1809 397 1867; x_wconf 91' lang='lat' dir='ltr'><strong>Si</strong></span> <span class='ocrx_word' id='word_1_147' title='bbox 413 1818 470 1868; x_wconf 92' lang='lat' dir='ltr'><strong>tua</strong></span> <span class='ocrx_word' id='word_1_148' title='bbox 486 1809 681 1885; x_wconf 87' lang='lat' dir='ltr'><strong>contigerit.</strong></span> <span class='ocrx_word' id='word_1_149' title='bbox 723 1809 780 1867; x_wconf 89' lang='lat' dir='ltr'><strong>Mi·</strong></span> <span class='ocrx_word' id='word_1_150' title='bbox 863 1808 1017 1869; x_wconf 86' lang='lat' dir='ltr'><strong>Cretenses</strong></span> <span class='ocrx_word' id='word_1_151' title='bbox 1031 1827 1068 1868; x_wconf 88' lang='lat' dir='ltr'><strong>ex</strong></span> <span class='ocrx_word' id='word_1_152' title='bbox 1083 1808 1178 1869; x_wconf 89' lang='lat' dir='ltr'><strong>Sicilia</strong></span> <span class='ocrx_word' id='word_1_153' title='bbox 1192 1807 1302 1869; x_wconf 71' lang='lat' dir='ltr'><strong>Masis</strong></span> <span class='ocrx_word' id='word_1_154' title='bbox 1315 1826 1378 1867; x_wconf 89' lang='lat' dir='ltr'><strong>assa</strong></span> 
     </span>
     <span class='ocr_line' id='line_1_18' title="bbox 226 1889 1374 1968; baseline 0.001 -19"><span class='ocrx_word' id='word_1_155' title='bbox 226 1908 285 1950; x_wconf 91' lang='lat' dir='ltr'><strong>noe</strong></span> <span class='ocrx_word' id='word_1_156' title='bbox 299 1890 451 1951; x_wconf 86' lang='lat' dir='ltr'><strong>interfecto</strong></span> <span class='ocrx_word' id='word_1_157' title='bbox 466 1908 483 1950; x_wconf 87' lang='lat' dir='ltr'><strong>a</strong></span> <span class='ocrx_word' id='word_1_158' title='bbox 497 1890 618 1963; x_wconf 88' lang='lat' dir='ltr'><strong>Cocalo,</strong></span> <span class='ocrx_word' id='word_1_159' title='bbox 626 1889 782 1950; x_wconf 91' lang='lat' dir='ltr'><strong>Cretenses</strong></span> <span class='ocrx_word' id='word_1_160' title='bbox 822 1889 978 1950; x_wconf 84' lang='lat' dir='ltr'><strong>inferentes</strong></span> <span class='ocrx_word' id='word_1_161' title='bbox 1013 1889 1174 1968; x_wconf 85' lang='lat' dir='ltr'><strong>Corcyram</strong></span> <span class='ocrx_word' id='word_1_162' title='bbox 1211 1899 1374 1952; x_wconf 89' lang='lat' dir='ltr'><strong>uenerunt:</strong></span> 
     </span>
     <span class='ocr_line' id='line_1_19' title="bbox 229 1970 1377 2048; baseline -0.001 -17"><span class='ocrx_word' id='word_1_163' title='bbox 229 1972 266 2032; x_wconf 92' lang='lat' dir='ltr'><strong>de</strong></span> <span class='ocrx_word' id='word_1_164' title='bbox 301 1971 397 2031; x_wconf 89' lang='lat' dir='ltr'><strong>Sicilia</strong></span> <span class='ocrx_word' id='word_1_165' title='bbox 432 1988 501 2031; x_wconf 90' lang='lat' dir='ltr'><strong>ossa</strong></span> <span class='ocrx_word' id='word_1_166' title='bbox 532 1972 594 2030; x_wconf 88' lang='lat' dir='ltr'><strong>eius</strong></span> <span class='ocrx_word' id='word_1_167' title='bbox 624 1970 782 2031; x_wconf 88' lang='lat' dir='ltr'><strong>referentes</strong></span> <span class='ocrx_word' id='word_1_168' title='bbox 823 1990 899 2048; x_wconf 93' lang='lat' dir='ltr'><strong>quos</strong></span> <span class='ocrx_word' id='word_1_169' title='bbox 913 1971 1087 2048; x_wconf 87' lang='lat' dir='ltr'><strong>fugauemnt</strong></span> <span class='ocrx_word' id='word_1_170' title='bbox 1098 1971 1252 2047; x_wconf 68' lang='lat' dir='ltr'><strong>Corcyraei</strong></span> <span class='ocrx_word' id='word_1_171' title='bbox 1265 1982 1295 2031; x_wconf 92' lang='lat' dir='ltr'><strong>et</strong></span> <span class='ocrx_word' id='word_1_172' title='bbox 1308 1988 1377 2031; x_wconf 90' lang='lat' dir='ltr'><strong>ossa</strong></span> 
     </span>
     <span class='ocr_line' id='line_1_20' title="bbox 228 2052 1376 2129; baseline -0.002 -17"><span class='ocrx_word' id='word_1_173' title='bbox 228 2052 370 2112; x_wconf 88' lang='lat' dir='ltr'><strong>Corcirae</strong></span> <span class='ocrx_word' id='word_1_174' title='bbox 402 2053 611 2129; x_wconf 88' lang='lat' dir='ltr'><strong>applicuerunt.</strong></span> <span class='ocrx_word' id='word_1_175' title='bbox 682 2052 781 2113; x_wconf 90' lang='lat' dir='ltr'><strong>Corci·</strong></span> <span class='ocrx_word' id='word_1_176' title='bbox 824 2053 931 2112; x_wconf 88' lang='lat' dir='ltr'><strong>Minois</strong></span> <span class='ocrx_word' id='word_1_177' title='bbox 972 2053 1160 2112; x_wconf 92' lang='lat' dir='ltr'><strong>abstulerunt.</strong></span> <span class='ocrx_word' id='word_1_178' title='bbox 1227 2054 1306 2113; x_wconf 92' lang='lat' dir='ltr'><strong>unde</strong></span> <span class='ocrx_word' id='word_1_179' title='bbox 1344 2052 1376 2111; x_wconf 93' lang='lat' dir='ltr'><strong>in</strong></span> 
     </span>
     <span class='ocr_line' id='line_1_21' title="bbox 228 2131 1378 2214; baseline 0.001 -22"><span class='ocrx_word' id='word_1_180' title='bbox 228 2135 287 2193; x_wconf 89' lang='lat' dir='ltr'><strong>raei</strong></span> <span class='ocrx_word' id='word_1_181' title='bbox 305 2151 377 2193; x_wconf 91' lang='lat' dir='ltr'><strong>uero</strong></span> <span class='ocrx_word' id='word_1_182' title='bbox 399 2151 451 2193; x_wconf 93' lang='lat' dir='ltr'><strong>eos</strong></span> <span class='ocrx_word' id='word_1_183' title='bbox 472 2143 650 2193; x_wconf 85' lang='lat' dir='ltr'><strong>uexauemnt</strong></span> <span class='ocrx_word' id='word_1_184' title='bbox 669 2144 698 2193; x_wconf 93' lang='lat' dir='ltr'><strong>et</strong></span> <span class='ocrx_word' id='word_1_185' title='bbox 714 2152 783 2194; x_wconf 91' lang='lat' dir='ltr'><strong>ossa</strong></span> <span class='ocrx_word' id='word_1_186' title='bbox 825 2134 912 2194; x_wconf 86' lang='lat' dir='ltr'><strong>Creta</strong></span> <span class='ocrx_word' id='word_1_187' title='bbox 946 2133 1045 2214; x_wconf 88' lang='lat' dir='ltr'><strong>(nocte</strong></span> <span class='ocrx_word' id='word_1_188' title='bbox 1075 2131 1117 2210; x_wconf 73' lang='lat' dir='ltr'><strong>C)</strong></span> <span class='ocrx_word' id='word_1_189' title='bbox 1151 2143 1290 2195; x_wconf 90' lang='lat' dir='ltr'><strong>statutum</strong></span> <span class='ocrx_word' id='word_1_190' title='bbox 1323 2133 1378 2193; x_wconf 82' lang='lat' dir='ltr'><strong>suit</strong></span> 
     </span>
     <span class='ocr_line' id='line_1_22' title="bbox 229 2215 1378 2292; baseline -0.001 -18"><span class='ocrx_word' id='word_1_191' title='bbox 229 2215 432 2292; x_wconf 89' lang='lat' dir='ltr'><strong>disperserunt.</strong></span> <span class='ocrx_word' id='word_1_192' title='bbox 511 2232 601 2292; x_wconf 91' lang='lat' dir='ltr'><strong>quare</strong></span> <span class='ocrx_word' id='word_1_193' title='bbox 647 2215 783 2292; x_wconf 89' lang='lat' dir='ltr'><strong>quotiens</strong></span> <span class='ocrx_word' id='word_1_194' title='bbox 824 2215 904 2292; x_wconf 92' lang='lat' dir='ltr'><strong>quod</strong></span> <span class='ocrx_word' id='word_1_195' title='bbox 941 2215 1117 2292; x_wconf 89' lang='lat' dir='ltr'><strong>quicumque</strong></span> <span class='ocrx_word' id='word_1_196' title='bbox 1155 2215 1309 2292; x_wconf 84' lang='lat' dir='ltr'><strong>Corcyraei</strong></span> <span class='ocrx_word' id='word_1_197' title='bbox 1346 2217 1378 2273; x_wconf 93' lang='lat' dir='ltr'><strong>in</strong></span> 
     </span>
     <span class='ocr_line' id='line_1_23' title="bbox 229 2295 1377 2376; baseline -0.001 -21"><span class='ocrx_word' id='word_1_198' title='bbox 229 2295 379 2355; x_wconf 86' lang='lat' dir='ltr'><strong>Corciraei</strong></span> <span class='ocrx_word' id='word_1_199' title='bbox 414 2295 532 2355; x_wconf 90' lang='lat' dir='ltr'><strong>Cretam</strong></span> <span class='ocrx_word' id='word_1_200' title='bbox 568 2307 710 2356; x_wconf 90' lang='lat' dir='ltr'><strong>uenerunt</strong></span> <span class='ocrx_word' id='word_1_201' title='bbox 745 2298 783 2356; x_wconf 87' lang='lat' dir='ltr'><strong>ab</strong></span> <span class='ocrx_word' id='word_1_202' title='bbox 825 2296 942 2357; x_wconf 89' lang='lat' dir='ltr'><strong>Cretam</strong></span> <span class='ocrx_word' id='word_1_203' title='bbox 964 2295 1084 2375; x_wconf 84' lang='lat' dir='ltr'><strong>(Creten</strong></span> <span class='ocrx_word' id='word_1_204' title='bbox 1099 2295 1143 2376; x_wconf 74' lang='lat' dir='ltr'><strong>C)</strong></span> <span class='ocrx_word' id='word_1_205' title='bbox 1163 2298 1295 2357; x_wconf 92' lang='lat' dir='ltr'><strong>uenirent</strong></span> <span class='ocrx_word' id='word_1_206' title='bbox 1314 2313 1377 2356; x_wconf 92' lang='lat' dir='ltr'><strong>sus·</strong></span> 
     </span>
    </p>
   </div>
   <div class='ocr_carea' id='block_1_4' title="bbox 230 2372 1378 2521">
    <p class='ocr_par' dir='ltr' id='par_1_10' title="bbox 230 2372 1378 2521">
     <span class='ocr_line' id='line_1_24' title="bbox 230 2372 1378 2521; baseline 0.001 -84"><span class='ocrx_word' id='word_1_207' title='bbox 230 2377 417 2438; x_wconf 90' lang='lat' dir='ltr'><strong>Cretensibus</strong></span> <span class='ocrx_word' id='word_1_208' title='bbox 430 2377 646 2437; x_wconf 87' lang='lat' dir='ltr'><strong>occidebantur.</strong></span> <span class='ocrx_word' id='word_1_209' title='bbox 691 2377 727 2438; x_wconf 88' lang='lat' dir='ltr'><strong>G.</strong></span> <span class='ocrx_word' id='word_1_210' title='bbox 824 2378 1028 2521; x_wconf 44' lang='lat' dir='ltr'><strong>pepdepegtur,</strong></span> <span class='ocrx_word' id='word_1_211' title='bbox 1052 2376 1096 2461; x_wconf 86' lang='lat' dir='ltr'><strong>[ut</strong></span> <span class='ocrx_word' id='word_1_212' title='bbox 1120 2381 1159 2439; x_wconf 89' lang='lat' dir='ltr'><strong>ait</strong></span> <span class='ocrx_word' id='word_1_213' title='bbox 1183 2372 1378 2458; x_wconf 80' lang='lat' dir='ltr'><strong>iMenestro.]</strong></span> 
     </span>
     <span class='ocr_line' id='line_1_25' title="bbox 854 2479 981 2518; baseline 0.008 -1"><span class='ocrx_word' id='word_1_214' title='bbox 854 2479 922 2518; x_wconf 88' lang='lat' dir='ltr'><strong>s.e</strong></span> <span class='ocrx_word' id='word_1_215' title='bbox 943 2493 946 2506; x_wconf 87' lang='lat'><strong>·</strong></span> <span class='ocrx_word' id='word_1_216' title='bbox 975 2504 981 2518; x_wconf 88' lang='lat'><em>.</em></span> 
     </span>
    </p>
   </div>
   <div class='ocr_carea' id='block_1_5' title="bbox 217 2539 1378 2620">
    <p class='ocr_par' dir='ltr' id='par_1_11' title="bbox 217 2539 1378 2620">
     <span class='ocr_line' id='line_1_26' title="bbox 217 2539 1378 2620; baseline 0.002 -22"><span class='ocrx_word' id='word_1_217' title='bbox 217 2542 236 2610; x_wconf 62' lang='grc' dir='ltr'><strong>ζ</strong></span> <span class='ocrx_word' id='word_1_218' title='bbox 272 2555 340 2614; x_wconf 87' lang='lat'><strong>511.</strong></span> <span class='ocrx_word' id='word_1_219' title='bbox 369 2539 413 2599; x_wconf 93' lang='lat' dir='ltr'><strong>Vt</strong></span> <span class='ocrx_word' id='word_1_220' title='bbox 441 2540 583 2616; x_wconf 86' lang='lat' dir='ltr'><strong>sanguis</strong></span> <span class='ocrx_word' id='word_1_221' title='bbox 611 2541 748 2600; x_wconf 88' lang='lat' dir='ltr'><strong>Aleuae.</strong></span> <span class='ocrx_word' id='word_1_222' title='bbox 806 2540 931 2602; x_wconf 87' lang='lat' dir='ltr'><strong>*Alebas</strong></span> <span class='ocrx_word' id='word_1_223' title='bbox 959 2558 1064 2620; x_wconf 90' lang='lat' dir='ltr'><strong>passus</strong></span> <span class='ocrx_word' id='word_1_224' title='bbox 1094 2549 1139 2601; x_wconf 90' lang='lat' dir='ltr'><strong>est</strong></span> <span class='ocrx_word' id='word_1_225' title='bbox 1166 2542 1280 2602; x_wconf 90' lang='lat' dir='ltr'><strong>ruinam</strong></span> <span class='ocrx_word' id='word_1_226' title='bbox 1307 2558 1378 2602; x_wconf 90' lang='lat' dir='ltr'><strong>suae</strong></span> 
     </span>
    </p>
   </div>
   <div class='ocr_carea' id='block_1_6' title="bbox 173 2764 1408 4035">
    <p class='ocr_par' dir='ltr' id='par_1_12' title="bbox 231 2764 1383 3118">
     <span class='ocr_line' id='line_1_27' title="bbox 231 2764 1380 2834; baseline -0.003 -14"><span class='ocrx_word' id='word_1_227' title='bbox 231 2766 330 2820; x_wconf 86' lang='lat' dir='ltr'><strong>arbore</strong></span> <span class='ocrx_word' id='word_1_228' title='bbox 347 2767 425 2820; x_wconf 84' lang='lat' dir='ltr'><strong>Mure</strong></span> <span class='ocrx_word' id='word_1_229' title='bbox 477 2764 541 2834; x_wconf 86' lang='lat' dir='ltr'><strong>eius]</strong></span> <span class='ocrx_word' id='word_1_230' title='bbox 561 2780 640 2819; x_wconf 89' lang='lat' dir='ltr'><strong>suum</strong></span> <span class='ocrx_word' id='word_1_231' title='bbox 659 2767 737 2820; x_wconf 84' lang='lat' dir='ltr'><strong>Mare</strong></span> <span class='ocrx_word' id='word_1_232' title='bbox 782 2767 1008 2821; x_wconf 83' lang='lat' dir='ltr'><strong>Eademhistoria</strong></span> <span class='ocrx_word' id='word_1_233' title='bbox 1025 2768 1052 2820; x_wconf 89' lang='lat' dir='ltr'><strong>in</strong></span> <span class='ocrx_word' id='word_1_234' title='bbox 1070 2767 1093 2820; x_wconf 88' lang='lat' dir='ltr'><strong>C</strong></span> <span class='ocrx_word' id='word_1_235' title='bbox 1108 2767 1175 2822; x_wconf 86' lang='lat' dir='ltr'><strong>Ask.</strong></span> <span class='ocrx_word' id='word_1_236' title='bbox 1194 2765 1289 2819; x_wconf 91' lang='lat' dir='ltr'><strong>Thoas</strong></span> <span class='ocrx_word' id='word_1_237' title='bbox 1307 2764 1380 2832; x_wconf 87' lang='lat' dir='ltr'><strong>apud</strong></span> 
     </span>
     <span class='ocr_line' id='line_1_28' title="bbox 231 2834 1380 2906; baseline 0.001 -18"><span class='ocrx_word' id='word_1_238' title='bbox 231 2834 366 2906; x_wconf 86' lang='lat' dir='ltr'><strong>Caria(m)</strong></span> <span class='ocrx_word' id='word_1_239' title='bbox 380 2842 499 2890; x_wconf 89' lang='lat' dir='ltr'><strong>uenator</strong></span> <span class='ocrx_word' id='word_1_240' title='bbox 517 2841 600 2904; x_wconf 90' lang='lat' dir='ltr'><strong>caput</strong></span> <span class='ocrx_word' id='word_1_241' title='bbox 618 2837 708 2903; x_wconf 85' lang='lat' dir='ltr'><strong>magni</strong></span> <span class='ocrx_word' id='word_1_242' title='bbox 726 2835 784 2904; x_wconf 87' lang='lat' dir='ltr'><strong>apri</strong></span> <span class='ocrx_word' id='word_1_243' title='bbox 802 2853 885 2905; x_wconf 93' lang='lat' dir='ltr'><strong>quem</strong></span> <span class='ocrx_word' id='word_1_244' title='bbox 904 2836 1080 2891; x_wconf 83' lang='lat' dir='ltr'><strong>interfecerat</strong></span> <span class='ocrx_word' id='word_1_245' title='bbox 1097 2852 1179 2904; x_wconf 92' lang='lat' dir='ltr'><strong>super</strong></span> <span class='ocrx_word' id='word_1_246' title='bbox 1196 2835 1322 2890; x_wconf 87' lang='lat' dir='ltr'><strong>arborem</strong></span> <span class='ocrx_word' id='word_1_247' title='bbox 1337 2835 1380 2906; x_wconf 89' lang='lat' dir='ltr'><strong>(-e</strong></span> 
     </span>
     <span class='ocr_line' id='line_1_29' title="bbox 232 2905 1380 2977; baseline -0.003 -16"><span class='ocrx_word' id='word_1_248' title='bbox 232 2906 310 2976; x_wconf 88' lang='lat' dir='ltr'><strong>Ask.)</strong></span> <span class='ocrx_word' id='word_1_249' title='bbox 324 2908 414 2976; x_wconf 90' lang='lat' dir='ltr'><strong>posuit</strong></span> <span class='ocrx_word' id='word_1_250' title='bbox 433 2906 584 2977; x_wconf 89' lang='lat' dir='ltr'><strong>(suspendit</strong></span> <span class='ocrx_word' id='word_1_251' title='bbox 597 2905 676 2975; x_wconf 86' lang='lat' dir='ltr'><strong>Ask.)</strong></span> <span class='ocrx_word' id='word_1_252' title='bbox 690 2913 720 2960; x_wconf 91' lang='lat' dir='ltr'><strong>et</strong></span> <span class='ocrx_word' id='word_1_253' title='bbox 738 2907 888 2960; x_wconf 88' lang='lat' dir='ltr'><strong>insolenter</strong></span> <span class='ocrx_word' id='word_1_254' title='bbox 906 2908 934 2960; x_wconf 90' lang='lat' dir='ltr'><strong>in</strong></span> <span class='ocrx_word' id='word_1_255' title='bbox 952 2907 1069 2976; x_wconf 87' lang='lat' dir='ltr'><strong>dyanam</strong></span> <span class='ocrx_word' id='word_1_256' title='bbox 1087 2907 1196 2961; x_wconf 83' lang='lat' dir='ltr'><strong>locutus</strong></span> <span class='ocrx_word' id='word_1_257' title='bbox 1212 2906 1263 2960; x_wconf 92' lang='lat' dir='ltr'><strong>sub</strong></span> <span class='ocrx_word' id='word_1_258' title='bbox 1281 2906 1380 2960; x_wconf 89' lang='lat' dir='ltr'><strong>eadem</strong></span> 
     </span>
     <span class='ocr_line' id='line_1_30' title="bbox 231 2977 1380 3049; baseline -0.003 -17"><span class='ocrx_word' id='word_1_259' title='bbox 231 2979 330 3032; x_wconf 91' lang='lat' dir='ltr'><strong>arbore</strong></span> <span class='ocrx_word' id='word_1_260' title='bbox 343 2977 478 3045; x_wconf 89' lang='lat' dir='ltr'><strong>recubuit,</strong></span> <span class='ocrx_word' id='word_1_261' title='bbox 491 2978 592 3046; x_wconf 91' lang='lat' dir='ltr'><strong>ubique</strong></span> <span class='ocrx_word' id='word_1_262' title='bbox 606 2978 711 3049; x_wconf 88' lang='lat' dir='ltr'><strong>(ibique</strong></span> <span class='ocrx_word' id='word_1_263' title='bbox 723 2978 801 3046; x_wconf 84' lang='lat' dir='ltr'><strong>Ask.)</strong></span> <span class='ocrx_word' id='word_1_264' title='bbox 814 2994 971 3047; x_wconf 91' lang='lat' dir='ltr'><strong>supereum</strong></span> <span class='ocrx_word' id='word_1_265' title='bbox 988 2978 1172 3032; x_wconf 90' lang='lat' dir='ltr'><strong>dormientem</strong></span> <span class='ocrx_word' id='word_1_266' title='bbox 1184 2982 1267 3046; x_wconf 90' lang='lat' dir='ltr'><strong>caput</strong></span> <span class='ocrx_word' id='word_1_267' title='bbox 1279 2977 1380 3030; x_wconf 90' lang='lat' dir='ltr'><strong>cecidit</strong></span> 
     </span>
     <span class='ocr_line' id='line_1_31' title="bbox 232 3047 1383 3118; baseline -0.001 -16"><span class='ocrx_word' id='word_1_268' title='bbox 232 3056 262 3102; x_wconf 90' lang='lat' dir='ltr'><strong>et</strong></span> <span class='ocrx_word' id='word_1_269' title='bbox 272 3049 383 3104; x_wconf 90' lang='lat' dir='ltr'><strong>occidit.</strong></span> <span class='ocrx_word' id='word_1_270' title='bbox 411 3050 468 3104; x_wconf 80' lang='lat' dir='ltr'><strong>Caci.</strong></span> <span class='ocrx_word' id='word_1_271' title='bbox 480 3049 619 3118; x_wconf 85' lang='lat' dir='ltr'><strong>Salaagnii</strong></span> <span class='ocrx_word' id='word_1_272' title='bbox 630 3050 719 3103; x_wconf 68' lang='lat' dir='ltr'><strong>habat</strong></span> <span class='ocrx_word' id='word_1_273' title='bbox 746 3048 778 3100; x_wconf 91' lang='lat' dir='ltr'><strong>ln</strong></span> <span class='ocrx_word' id='word_1_274' title='bbox 786 3048 971 3115; x_wconf 87' lang='lat' dir='ltr'><strong>Andragathia</strong></span> <span class='ocrx_word' id='word_1_275' title='bbox 982 3049 1095 3116; x_wconf 79' lang='lat' dir='ltr'><strong>regione</strong></span> <span class='ocrx_word' id='word_1_276' title='bbox 1106 3055 1224 3102; x_wconf 91' lang='lat' dir='ltr'><strong>uenator</strong></span> <span class='ocrx_word' id='word_1_277' title='bbox 1233 3050 1306 3104; x_wconf 81' lang='grc' dir='ltr'><strong>κ.τ.λ.</strong></span> <span class='ocrx_word' id='word_1_278' title='bbox 1317 3047 1383 3117; x_wconf 85' lang='lat' dir='ltr'><strong>qaod</strong></span> 
     </span>
    </p>

    <p class='ocr_par' dir='ltr' id='par_1_13' title="bbox 173 3117 1408 3542">
     <span class='ocr_line' id='line_1_32' title="bbox 231 3117 1381 3190; baseline -0.003 -15"><span class='ocrx_word' id='word_1_279' title='bbox 231 3141 263 3175; x_wconf 87' lang='lat' dir='ltr'><strong>ex</strong></span> <span class='ocrx_word' id='word_1_280' title='bbox 274 3121 384 3174; x_wconf 82' lang='lat' dir='ltr'><strong>Diodori</strong></span> <span class='ocrx_word' id='word_1_281' title='bbox 394 3120 478 3173; x_wconf 77' lang='lat' dir='ltr'><strong>uerbis</strong></span> <span class='ocrx_word' id='word_1_282' title='bbox 491 3118 599 3189; x_wconf 74' lang='grc' dir='ltr'>κὺνηγὸν</span> <span class='ocrx_word' id='word_1_283' title='bbox 610 3118 639 3172; x_wconf 76' lang='grc' dir='ltr'><strong>ἐν</strong></span> <span class='ocrx_word' id='word_1_284' title='bbox 655 3121 709 3174; x_wconf 77' lang='lat' dir='ltr'><strong>sois</strong></span> <span class='ocrx_word' id='word_1_285' title='bbox 721 3119 784 3173; x_wconf 83' lang='grc' dir='ltr'>κατὰ</span> <span class='ocrx_word' id='word_1_286' title='bbox 797 3119 843 3188; x_wconf 78' lang='grc' dir='ltr'><strong>τὴν</strong></span> <span class='ocrx_word' id='word_1_287' title='bbox 857 3119 936 3189; x_wconf 75' lang='grc' dir='ltr'>θήραν</span> <span class='ocrx_word' id='word_1_288' title='bbox 947 3117 1160 3190; x_wconf 72' lang='grc' dir='ltr'>ἀνδραγαθήμασι</span> <span class='ocrx_word' id='word_1_289' title='bbox 1173 3119 1381 3188; x_wconf 81' lang='grc' dir='ltr'>διωνομασμένον</span> 
     </span>
     <span class='ocr_line' id='line_1_33' title="bbox 173 3187 1380 3260; baseline -0.002 -16"><span class='ocrx_word' id='word_1_290' title='bbox 173 3187 178 3194; x_wconf 80' lang='grc'><strong>’</strong></span> <span class='ocrx_word' id='word_1_291' title='bbox 232 3190 301 3244; x_wconf 88' lang='lat' dir='ltr'><strong>male</strong></span> <span class='ocrx_word' id='word_1_292' title='bbox 315 3190 445 3245; x_wconf 77' lang='lat' dir='ltr'><strong>intellectis</strong></span> <span class='ocrx_word' id='word_1_293' title='bbox 453 3189 564 3258; x_wconf 82' lang='lat' dir='ltr'><strong>finxisse</strong></span> <span class='ocrx_word' id='word_1_294' title='bbox 575 3191 624 3243; x_wconf 88' lang='lat' dir='ltr'><strong>sibi</strong></span> <span class='ocrx_word' id='word_1_295' title='bbox 636 3191 802 3244; x_wconf 86' lang='lat' dir='ltr'><strong>scholiastam</strong></span> <span class='ocrx_word' id='word_1_296' title='bbox 814 3193 943 3260; x_wconf 80' lang='lat' dir='ltr'><strong>perspexit</strong></span> <span class='ocrx_word' id='word_1_297' title='bbox 954 3191 1105 3245; x_wconf 82' lang='lat' dir='ltr'><strong>Ehwaldas</strong></span> <span class='ocrx_word' id='word_1_298' title='bbox 1120 3202 1147 3260; x_wconf 84' lang='lat' dir='ltr'><strong>p.</strong></span> <span class='ocrx_word' id='word_1_299' title='bbox 1161 3208 1193 3259; x_wconf 88' lang='lat'><strong>9;</strong></span> <span class='ocrx_word' id='word_1_300' title='bbox 1217 3191 1319 3244; x_wconf 76' lang='lat' dir='ltr'><strong>mndem</strong></span> <span class='ocrx_word' id='word_1_301' title='bbox 1335 3207 1380 3258; x_wconf 85' lang='lat' dir='ltr'><strong>ego</strong></span> 
     </span>
     <span class='ocr_line' id='line_1_34' title="bbox 231 3259 1380 3330; baseline -0.003 -15"><span class='ocrx_word' id='word_1_302' title='bbox 231 3279 345 3315; x_wconf 87' lang='lat' dir='ltr'><strong>errorem</strong></span> <span class='ocrx_word' id='word_1_303' title='bbox 362 3264 388 3315; x_wconf 91' lang='lat' dir='ltr'><strong>in</strong></span> <span class='ocrx_word' id='word_1_304' title='bbox 402 3262 524 3315; x_wconf 88' lang='lat' dir='ltr'><strong>Vaticano</strong></span> <span class='ocrx_word' id='word_1_305' title='bbox 540 3261 604 3330; x_wconf 85' lang='lat' dir='ltr'><strong>Reg.</strong></span> <span class='ocrx_word' id='word_1_306' title='bbox 618 3263 685 3314; x_wconf 78' lang='lat'><em>2061</em></span> <span class='ocrx_word' id='word_1_307' title='bbox 703 3262 787 3315; x_wconf 83' lang='lat' dir='ltr'><strong>inueni</strong></span> <span class='ocrx_word' id='word_1_308' title='bbox 800 3259 895 3313; x_wconf 87' lang='lat' dir='ltr'><strong>Fuisse</strong></span> <span class='ocrx_word' id='word_1_309' title='bbox 912 3260 1008 3313; x_wconf 90' lang='lat' dir='ltr'><strong>scribit</strong></span> <span class='ocrx_word' id='word_1_310' title='bbox 1024 3261 1098 3315; x_wconf 93' lang='lat' dir='ltr'><strong>hunc</strong></span> <span class='ocrx_word' id='word_1_311' title='bbox 1111 3261 1251 3314; x_wconf 92' lang='lat' dir='ltr'><strong>Diodorus</strong></span> <span class='ocrx_word' id='word_1_312' title='bbox 1269 3260 1296 3312; x_wconf 91' lang='lat' dir='ltr'><strong>in</strong></span> <span class='ocrx_word' id='word_1_313' title='bbox 1313 3275 1380 3326; x_wconf 85' lang='lat' dir='ltr'><strong>agro</strong></span> 
     </span>
     <span class='ocr_line' id='line_1_35' title="bbox 232 3330 1381 3400; baseline -0.002 -14"><span class='ocrx_word' id='word_1_314' title='bbox 232 3332 484 3386; x_wconf 87' lang='lat' dir='ltr'><strong>Possidoniatarum</strong></span> <span class='ocrx_word' id='word_1_315' title='bbox 505 3332 533 3383; x_wconf 90' lang='lat' dir='ltr'><strong>in</strong></span> <span class='ocrx_word' id='word_1_316' title='bbox 551 3331 664 3398; x_wconf 85' lang='lat' dir='ltr'><strong>regione</strong></span> <span class='ocrx_word' id='word_1_317' title='bbox 681 3346 752 3400; x_wconf 88' lang='lat' dir='ltr'><strong>quae</strong></span> <span class='ocrx_word' id='word_1_318' title='bbox 773 3331 874 3384; x_wconf 88' lang='lat' dir='ltr'><strong>dicitur</strong></span> <span class='ocrx_word' id='word_1_319' title='bbox 889 3330 1072 3398; x_wconf 84' lang='lat' dir='ltr'><strong>anchogathia</strong></span> <span class='ocrx_word' id='word_1_320' title='bbox 1178 3332 1279 3384; x_wconf 83' lang='lat' dir='ltr'><strong>Mirum</strong></span> <span class='ocrx_word' id='word_1_321' title='bbox 1296 3341 1334 3384; x_wconf 88' lang='lat' dir='ltr'><strong>est</strong></span> <span class='ocrx_word' id='word_1_322' title='bbox 1351 3331 1381 3384; x_wconf 87' lang='lat' dir='ltr'><strong>de</strong></span> 
     </span>
     <span class='ocr_line' id='line_1_36' title="bbox 232 3402 1408 3472; baseline -0.005 -14"><span class='ocrx_word' id='word_1_323' title='bbox 232 3404 332 3472; x_wconf 86' lang='lat' dir='ltr'><strong>regione</strong></span> <span class='ocrx_word' id='word_1_324' title='bbox 349 3421 430 3456; x_wconf 87' lang='lat' dir='ltr'><strong>omncs</strong></span> <span class='ocrx_word' id='word_1_325' title='bbox 446 3420 548 3455; x_wconf 83' lang='lat' dir='ltr'><strong>errasse</strong></span> <span class='ocrx_word' id='word_1_326' title='bbox 561 3412 667 3471; x_wconf 87' lang='lat' dir='ltr'><strong>praeter</strong></span> <span class='ocrx_word' id='word_1_327' title='bbox 683 3420 759 3455; x_wconf 88' lang='lat' dir='ltr'><strong>unum</strong></span> <span class='ocrx_word' id='word_1_328' title='bbox 775 3402 852 3455; x_wconf 84' lang='lat' dir='ltr'><strong>Mare</strong></span> <span class='ocrx_word' id='word_1_329' title='bbox 857 3422 868 3470; x_wconf 86' lang='lat'><strong>‚·</strong></span> <span class='ocrx_word' id='word_1_330' title='bbox 890 3421 953 3455; x_wconf 90' lang='lat' dir='ltr'><strong>nam</strong></span> <span class='ocrx_word' id='word_1_331' title='bbox 965 3404 1100 3457; x_wconf 83' lang='lat' dir='ltr'><strong>Posidonia</strong></span> <span class='ocrx_word' id='word_1_332' title='bbox 1117 3403 1170 3457; x_wconf 88' lang='lat' dir='ltr'><strong>siue</strong></span> <span class='ocrx_word' id='word_1_333' title='bbox 1180 3405 1302 3456; x_wconf 86' lang='lat' dir='ltr'><strong>Paestum</strong></span> <span class='ocrx_word' id='word_1_334' title='bbox 1318 3402 1382 3457; x_wconf 88' lang='lat' dir='ltr'><strong>urbs</strong></span> <span class='ocrx_word' id='word_1_335' title='bbox 1406 3425 1408 3428; x_wconf 92' lang='lat'>·</span> 
     </span>
     <span class='ocr_line' id='line_1_37' title="bbox 226 3473 1010 3542; baseline -0.003 -14"><span class='ocrx_word' id='word_1_336' title='bbox 226 3475 286 3541; x_wconf 85' lang='lat' dir='ltr'><strong>fait</strong></span> <span class='ocrx_word' id='word_1_337' title='bbox 298 3473 426 3527; x_wconf 84' lang='lat' dir='ltr'><strong>Italorum</strong></span> <span class='ocrx_word' id='word_1_338' title='bbox 438 3474 465 3526; x_wconf 88' lang='lat' dir='ltr'><strong>in</strong></span> <span class='ocrx_word' id='word_1_339' title='bbox 478 3474 599 3538; x_wconf 87' lang='lat' dir='ltr'><strong>Lucanis,</strong></span> <span class='ocrx_word' id='word_1_340' title='bbox 611 3483 641 3526; x_wconf 86' lang='lat' dir='ltr'><strong>ut</strong></span> <span class='ocrx_word' id='word_1_341' title='bbox 651 3490 682 3525; x_wconf 81' lang='lat' dir='ltr'><strong>cx</strong></span> <span class='ocrx_word' id='word_1_342' title='bbox 694 3473 806 3526; x_wconf 88' lang='lat' dir='ltr'><strong>Diodoro</strong></span> <span class='ocrx_word' id='word_1_343' title='bbox 817 3474 882 3526; x_wconf 86' lang='lat' dir='ltr'><strong>satis</strong></span> <span class='ocrx_word' id='word_1_344' title='bbox 894 3483 1010 3542; x_wconf 82' lang='lat' dir='ltr'><strong>apparet.</strong></span> 
     </span>
    </p>

    <p class='ocr_par' dir='ltr' id='par_1_14' title="bbox 232 3540 1384 3893">
     <span class='ocr_line' id='line_1_38' title="bbox 271 3540 1381 3612; baseline 0 -17"><span class='ocrx_word' id='word_1_345' title='bbox 271 3559 332 3609; x_wconf 83' lang='lat'><strong>507.</strong></span> <span class='ocrx_word' id='word_1_346' title='bbox 350 3542 609 3596; x_wconf 85' lang='lat' dir='ltr'><strong>berechinciadesG</strong></span> <span class='ocrx_word' id='word_1_347' title='bbox 671 3541 858 3596; x_wconf 86' lang='lat' dir='ltr'><strong>berinthiusG</strong></span> <span class='ocrx_word' id='word_1_348' title='bbox 920 3543 1059 3598; x_wconf 76' lang='lat' dir='ltr'><strong>archoni)</strong></span> <span class='ocrx_word' id='word_1_349' title='bbox 1120 3543 1256 3612; x_wconf 86' lang='lat' dir='ltr'><strong>dynamG</strong></span> <span class='ocrx_word' id='word_1_350' title='bbox 1316 3540 1381 3609; x_wconf 86' lang='lat' dir='ltr'><strong>quia</strong></span> 
     </span>
     <span class='ocr_line' id='line_1_39' title="bbox 233 3611 1381 3683; baseline -0.003 -15"><span class='ocrx_word' id='word_1_351' title='bbox 233 3620 265 3669; x_wconf 92' lang='lat' dir='ltr'><strong>et</strong></span> <span class='ocrx_word' id='word_1_352' title='bbox 277 3615 300 3671; x_wconf 88' lang='lat' dir='ltr'><em>G</em></span> <span class='ocrx_word' id='word_1_353' title='bbox 356 3613 440 3667; x_wconf 85' lang='lat' dir='ltr'><strong>Panlo</strong></span> <span class='ocrx_word' id='word_1_354' title='bbox 452 3613 530 3666; x_wconf 88' lang='lat' dir='ltr'><strong>aliter</strong></span> <span class='ocrx_word' id='word_1_355' title='bbox 541 3614 607 3666; x_wconf 79' lang='lat' dir='ltr'><strong>Ask.</strong></span> <span class='ocrx_word' id='word_1_356' title='bbox 619 3612 694 3664; x_wconf 82' lang='lat' dir='ltr'><strong>Aten</strong></span> <span class='ocrx_word' id='word_1_357' title='bbox 706 3611 775 3665; x_wconf 88' lang='lat' dir='ltr'><strong>filius</strong></span> <span class='ocrx_word' id='word_1_358' title='bbox 786 3612 904 3666; x_wconf 89' lang='lat' dir='ltr'><strong>berentii</strong></span> <span class='ocrx_word' id='word_1_359' title='bbox 916 3613 944 3665; x_wconf 93' lang='lat' dir='ltr'><strong>in</strong></span> <span class='ocrx_word' id='word_1_360' title='bbox 957 3613 1069 3683; x_wconf 85' lang='lat' dir='ltr'><strong>phrygia</strong></span> <span class='ocrx_word' id='word_1_361' title='bbox 1077 3620 1195 3667; x_wconf 88' lang='lat' dir='ltr'><strong>uenator</strong></span> <span class='ocrx_word' id='word_1_362' title='bbox 1206 3614 1270 3682; x_wconf 89' lang='lat' dir='ltr'><strong>quia</strong></span> <span class='ocrx_word' id='word_1_363' title='bbox 1282 3617 1311 3664; x_wconf 89' lang='lat' dir='ltr'><strong>et</strong></span> <span class='ocrx_word' id='word_1_364' title='bbox 1324 3613 1381 3679; x_wconf 90' lang='lat' dir='ltr'><strong>ipse</strong></span> 
     </span>
     <span class='ocr_line' id='line_1_40' title="bbox 235 3681 1384 3754; baseline -0.003 -16"><span class='ocrx_word' id='word_1_365' title='bbox 235 3686 285 3739; x_wconf 82' lang='lat' dir='ltr'><strong>ins,</strong></span> <span class='ocrx_word' id='word_1_366' title='bbox 303 3684 355 3739; x_wconf 90' lang='lat' dir='ltr'><strong>loc.</strong></span> <span class='ocrx_word' id='word_1_367' title='bbox 373 3689 415 3738; x_wconf 87' lang='lat' dir='ltr'><strong>est</strong></span> <span class='ocrx_word' id='word_1_368' title='bbox 434 3684 462 3736; x_wconf 91' lang='lat' dir='ltr'><strong>in</strong></span> <span class='ocrx_word' id='word_1_369' title='bbox 480 3682 589 3735; x_wconf 85' lang='lat' dir='ltr'><strong>dianam</strong></span> <span class='ocrx_word' id='word_1_370' title='bbox 607 3683 681 3737; x_wconf 83' lang='grc' dir='ltr'><strong>κ.τ.λ.</strong></span> <span class='ocrx_word' id='word_1_371' title='bbox 720 3683 823 3738; x_wconf 83' lang='lat' dir='ltr'><strong>Similia</strong></span> <span class='ocrx_word' id='word_1_372' title='bbox 841 3685 1046 3754; x_wconf 84' lang='lat' dir='ltr'><strong>ap.Mures.u.</strong></span> <span class='ocrx_word' id='word_1_373' title='bbox 1065 3684 1143 3737; x_wconf 86' lang='lat' dir='ltr'><strong>Athis</strong></span> <span class='ocrx_word' id='word_1_374' title='bbox 1160 3687 1225 3739; x_wconf 88' lang='lat' dir='ltr'><strong>etin</strong></span> <span class='ocrx_word' id='word_1_375' title='bbox 1242 3686 1273 3737; x_wconf 85' lang='lat' dir='ltr'><strong>P.</strong></span> <span class='ocrx_word' id='word_1_376' title='bbox 1310 3681 1384 3752; x_wconf 84' lang='lat' dir='ltr'><strong>Quod</strong></span> 
     </span>
     <span class='ocr_line' id='line_1_41' title="bbox 235 3753 1382 3824; baseline -0.001 -16"><span class='ocrx_word' id='word_1_377' title='bbox 235 3757 384 3822; x_wconf 79' lang='lat' dir='ltr'><strong>Berecyntos</strong></span> <span class='ocrx_word' id='word_1_378' title='bbox 401 3757 429 3808; x_wconf 93' lang='lat' dir='ltr'><strong>in</strong></span> <span class='ocrx_word' id='word_1_379' title='bbox 446 3754 487 3806; x_wconf 87' lang='lat' dir='ltr'><strong>his</strong></span> <span class='ocrx_word' id='word_1_380' title='bbox 504 3753 589 3807; x_wconf 88' lang='lat' dir='ltr'><strong>insula</strong></span> <span class='ocrx_word' id='word_1_381' title='bbox 606 3753 698 3807; x_wconf 86' lang='lat' dir='ltr'><strong>dicitur</strong></span> <span class='ocrx_word' id='word_1_382' title='bbox 714 3756 751 3808; x_wconf 83' lang='lat' dir='ltr'><strong>ad</strong></span> <span class='ocrx_word' id='word_1_383' title='bbox 765 3755 923 3824; x_wconf 83' lang='lat' dir='ltr'><strong>Sangarium</strong></span> <span class='ocrx_word' id='word_1_384' title='bbox 931 3758 1051 3821; x_wconf 75' lang='lat' dir='ltr'><strong>sirtasse</strong></span> <span class='ocrx_word' id='word_1_385' title='bbox 1068 3758 1197 3824; x_wconf 69' lang='lat' dir='ltr'><strong>refertar-5</strong></span> <span class='ocrx_word' id='word_1_386' title='bbox 1220 3755 1265 3808; x_wconf 89' lang='lat' dir='ltr'><strong>sed</strong></span> <span class='ocrx_word' id='word_1_387' title='bbox 1281 3754 1382 3808; x_wconf 84' lang='lat' dir='ltr'><strong>uidetur</strong></span> 
     </span>
     <span class='ocr_line' id='line_1_42' title="bbox 232 3823 1124 3893; baseline 0.001 -13"><span class='ocrx_word' id='word_1_388' title='bbox 232 3844 337 3883; x_wconf 76' lang='lat' dir='ltr'><strong>errasse</strong></span> <span class='ocrx_word' id='word_1_389' title='bbox 347 3825 487 3879; x_wconf 84' lang='lat' dir='ltr'><strong>scholiasta</strong></span> <span class='ocrx_word' id='word_1_390' title='bbox 498 3823 564 3893; x_wconf 80' lang='lat' dir='ltr'><strong>qood</strong></span> <span class='ocrx_word' id='word_1_391' title='bbox 570 3826 648 3878; x_wconf 84' lang='lat' dir='ltr'><strong>Attin</strong></span> <span class='ocrx_word' id='word_1_392' title='bbox 659 3826 689 3877; x_wconf 85' lang='lat' dir='ltr'><strong>de</strong></span> <span class='ocrx_word' id='word_1_393' title='bbox 700 3825 792 3880; x_wconf 89' lang='lat' dir='ltr'><strong>Diana</strong></span> <span class='ocrx_word' id='word_1_394' title='bbox 804 3825 1003 3885; x_wconf 81' lang='lat' dir='ltr'><strong>maledicentem</strong></span> <span class='ocrx_word' id='word_1_395' title='bbox 1015 3827 1124 3881; x_wconf 83' lang='lat' dir='ltr'><strong>induxit.</strong></span> 
     </span>
    </p>

    <p class='ocr_par' dir='ltr' id='par_1_15' title="bbox 235 3893 1385 4035">
     <span class='ocr_line' id='line_1_43' title="bbox 272 3893 1385 3966; baseline 0.003 -18"><span class='ocrx_word' id='word_1_396' title='bbox 272 3913 332 3961; x_wconf 85' lang='lat'><strong>509.</strong></span> <span class='ocrx_word' id='word_1_397' title='bbox 354 3893 501 3948; x_wconf 87' lang='lat' dir='ltr'><strong>cochireG</strong></span> <span class='ocrx_word' id='word_1_398' title='bbox 566 3894 686 3948; x_wconf 89' lang='lat' dir='ltr'><strong>cochirei</strong></span> <span class='ocrx_word' id='word_1_399' title='bbox 700 3896 774 3949; x_wconf 83' lang='lat' dir='ltr'><strong>Gbis</strong></span> <span class='ocrx_word' id='word_1_400' title='bbox 838 3896 1009 3950; x_wconf 87' lang='lat' dir='ltr'><strong>circensesC</strong></span> <span class='ocrx_word' id='word_1_401' title='bbox 1070 3895 1177 3950; x_wconf 90' lang='lat' dir='ltr'><strong>nunciis</strong></span> <span class='ocrx_word' id='word_1_402' title='bbox 1185 3908 1232 3966; x_wconf 83' lang='lat' dir='ltr'><strong>pra</strong></span> <span class='ocrx_word' id='word_1_403' title='bbox 1245 3893 1385 3951; x_wconf 85' lang='lat' dir='ltr'><strong>MinoisG</strong></span> 
     </span>
     <span class='ocr_line' id='line_1_44' title="bbox 235 3964 1383 4035; baseline 0.002 -16"><span class='ocrx_word' id='word_1_404' title='bbox 235 3981 296 4019; x_wconf 88' lang='lat' dir='ltr'><strong>ossa</strong></span> <span class='ocrx_word' id='word_1_405' title='bbox 308 3967 390 4021; x_wconf 87' lang='lat' dir='ltr'><strong>om.G</strong></span> <span class='ocrx_word' id='word_1_406' title='bbox 458 3964 580 4021; x_wconf 86' lang='lat' dir='ltr'><strong>minasG</strong></span> <span class='ocrx_word' id='word_1_407' title='bbox 648 3967 757 4019; x_wconf 89' lang='lat' dir='ltr'><strong>ueniret</strong></span> <span class='ocrx_word' id='word_1_408' title='bbox 768 3966 1013 4035; x_wconf 87' lang='lat' dir='ltr'><strong>suspendereturG</strong></span> <span class='ocrx_word' id='word_1_409' title='bbox 1080 3973 1112 4020; x_wconf 89' lang='lat' dir='ltr'><strong>ut</strong></span> <span class='ocrx_word' id='word_1_410' title='bbox 1124 3968 1163 4020; x_wconf 90' lang='lat' dir='ltr'><strong>ait</strong></span> <span class='ocrx_word' id='word_1_411' title='bbox 1177 3967 1320 4019; x_wconf 91' lang='lat' dir='ltr'><strong>Menestro</strong></span> <span class='ocrx_word' id='word_1_412' title='bbox 1333 3985 1383 4021; x_wconf 89' lang='lat' dir='ltr'><strong>om.</strong></span> 
     </span>
    </p>
   </div>
   <div class='ocr_carea' id='block_1_7' title="bbox 150 4034 1383 4108">
    <p class='ocr_par' dir='ltr' id='par_1_16' title="bbox 150 4034 1383 4108">
     <span class='ocr_line' id='line_1_45' title="bbox 150 4034 1383 4108; baseline 0.002 -22"><span class='ocrx_word' id='word_1_413' title='bbox 150 4076 154 4086; x_wconf 88' lang='grc'><em>,</em></span> <span class='ocrx_word' id='word_1_414' title='bbox 234 4038 303 4095; x_wconf 86' lang='lat' dir='ltr'><strong>Ask.</strong></span> <span class='ocrx_word' id='word_1_415' title='bbox 359 4034 515 4106; x_wconf 88' lang='lat' dir='ltr'><strong>Menestro]</strong></span> <span class='ocrx_word' id='word_1_416' title='bbox 528 4036 683 4106; x_wconf 81' lang='lat' dir='ltr'><strong>Menephroi</strong></span> <span class='ocrx_word' id='word_1_417' title='bbox 701 4057 736 4092; x_wconf 90' lang='lat' dir='ltr'><strong>an</strong></span> <span class='ocrx_word' id='word_1_418' title='bbox 749 4038 896 4093; x_wconf 79' lang='lat' dir='ltr'><strong>Menestas?</strong></span> <span class='ocrx_word' id='word_1_419' title='bbox 926 4038 1028 4093; x_wconf 87' lang='lat' dir='ltr'><strong>Similia</strong></span> <span class='ocrx_word' id='word_1_420' title='bbox 1040 4050 1082 4108; x_wconf 89' lang='lat' dir='ltr'><strong>ap.</strong></span> <span class='ocrx_word' id='word_1_421' title='bbox 1094 4038 1172 4093; x_wconf 87' lang='lat' dir='ltr'><strong>Mare</strong></span> <span class='ocrx_word' id='word_1_422' title='bbox 1184 4057 1205 4091; x_wconf 88' lang='lat' dir='ltr'><strong>s.</strong></span> <span class='ocrx_word' id='word_1_423' title='bbox 1218 4055 1243 4092; x_wconf 88' lang='lat' dir='ltr'><strong>u.</strong></span> <span class='ocrx_word' id='word_1_424' title='bbox 1256 4038 1383 4091; x_wconf 83' lang='lat' dir='ltr'><strong>Cretenses</strong></span> 
     </span>
    </p>
   </div>
   <div class='ocr_carea' id='block_1_8' title="bbox 232 4109 1384 4533">
    <p class='ocr_par' dir='ltr' id='par_1_17' title="bbox 232 4109 340 4166">
     <span class='ocr_line' id='line_1_46' title="bbox 232 4109 340 4166; baseline -0.037 0"><span class='ocrx_word' id='word_1_425' title='bbox 232 4109 295 4166; x_wconf 80' lang='lat' dir='ltr'><strong>etin</strong></span> <span class='ocrx_word' id='word_1_426' title='bbox 308 4109 340 4162; x_wconf 86' lang='lat' dir='ltr'><strong>P.</strong></span> 
     </span>
    </p>

    <p class='ocr_par' dir='ltr' id='par_1_18' title="bbox 235 4177 1384 4533">
     <span class='ocr_line' id='line_1_47' title="bbox 273 4177 1383 4250; baseline 0.002 -19"><span class='ocrx_word' id='word_1_427' title='bbox 273 4194 333 4242; x_wconf 87' lang='lat'>511.</span> <span class='ocrx_word' id='word_1_428' title='bbox 352 4177 469 4231; x_wconf 75' lang='lat' dir='ltr'><strong>Histania</strong></span> <span class='ocrx_word' id='word_1_429' title='bbox 477 4177 580 4246; x_wconf 86' lang='lat' dir='ltr'><strong>ficticia</strong></span> <span class='ocrx_word' id='word_1_430' title='bbox 597 4196 674 4246; x_wconf 86' lang='lat' dir='ltr'><strong>quam</strong></span> <span class='ocrx_word' id='word_1_431' title='bbox 689 4180 767 4249; x_wconf 84' lang='lat' dir='ltr'><strong>podet</strong></span> <span class='ocrx_word' id='word_1_432' title='bbox 783 4178 883 4234; x_wconf 85' lang='lat' dir='ltr'><strong>scholiis</strong></span> <span class='ocrx_word' id='word_1_433' title='bbox 901 4178 999 4246; x_wconf 82' lang='lat' dir='ltr'><strong>inferre</strong></span> <span class='ocrx_word' id='word_1_434' title='bbox 1041 4177 1105 4250; x_wconf 85' lang='lat' dir='ltr'><strong>eins]</strong></span> <span class='ocrx_word' id='word_1_435' title='bbox 1119 4195 1167 4232; x_wconf 85' lang='lat' dir='ltr'><strong>sua</strong></span> <span class='ocrx_word' id='word_1_436' title='bbox 1181 4180 1205 4234; x_wconf 87' lang='lat' dir='ltr'><em>G</em></span> <span class='ocrx_word' id='word_1_437' title='bbox 1247 4179 1270 4233; x_wconf 86' lang='lat' dir='ltr'><em>G</em></span> <span class='ocrx_word' id='word_1_438' title='bbox 1279 4189 1304 4232; x_wconf 87' lang='lat' dir='ltr'><strong>et</strong></span> <span class='ocrx_word' id='word_1_439' title='bbox 1316 4178 1383 4233; x_wconf 76' lang='lat' dir='ltr'><strong>Ast.</strong></span> 
     </span>
     <span class='ocr_line' id='line_1_48' title="bbox 235 4246 1384 4320; baseline 0.003 -20"><span class='ocrx_word' id='word_1_440' title='bbox 235 4249 328 4307; x_wconf 83' lang='lat' dir='ltr'><strong>habent</strong></span> <span class='ocrx_word' id='word_1_441' title='bbox 340 4246 439 4301; x_wconf 91' lang='lat' dir='ltr'><strong>Lorios</strong></span> <span class='ocrx_word' id='word_1_442' title='bbox 455 4247 533 4301; x_wconf 90' lang='lat' dir='ltr'><strong>alabe</strong></span> <span class='ocrx_word' id='word_1_443' title='bbox 548 4248 602 4302; x_wconf 87' lang='lat' dir='ltr'><strong>filia</strong></span> <span class='ocrx_word' id='word_1_444' title='bbox 617 4247 725 4319; x_wconf 85' lang='lat' dir='ltr'><strong>¹[alebes</strong></span> <span class='ocrx_word' id='word_1_445' title='bbox 737 4248 815 4320; x_wconf 64' lang='lat' dir='ltr'><strong>Ast]</strong></span> <span class='ocrx_word' id='word_1_446' title='bbox 833 4266 897 4303; x_wconf 91' lang='lat' dir='ltr'><strong>cum</strong></span> <span class='ocrx_word' id='word_1_447' title='bbox 915 4249 1019 4304; x_wconf 89' lang='lat' dir='ltr'><strong>littoria</strong></span> <span class='ocrx_word' id='word_1_448' title='bbox 1036 4248 1160 4320; x_wconf 90' lang='lat' dir='ltr'><strong>[llcoride</strong></span> <span class='ocrx_word' id='word_1_449' title='bbox 1172 4247 1250 4319; x_wconf 64' lang='lat' dir='ltr'><strong>Ast]</strong></span> <span class='ocrx_word' id='word_1_450' title='bbox 1264 4248 1317 4301; x_wconf 89' lang='lat' dir='ltr'><strong>filia</strong></span> <span class='ocrx_word' id='word_1_451' title='bbox 1334 4263 1384 4303; x_wconf 82' lang='lat' dir='ltr'><strong>sua</strong></span> 
     </span>
     <span class='ocr_line' id='line_1_49' title="bbox 236 4317 1384 4391; baseline -0.002 -19"><span class='ocrx_word' id='word_1_452' title='bbox 236 4320 302 4372; x_wconf 91' lang='lat' dir='ltr'><strong>dum</strong></span> <span class='ocrx_word' id='word_1_453' title='bbox 318 4319 431 4372; x_wconf 89' lang='lat' dir='ltr'><strong>domum</strong></span> <span class='ocrx_word' id='word_1_454' title='bbox 443 4318 559 4372; x_wconf 87' lang='lat' dir='ltr'><strong>intraret</strong></span> <span class='ocrx_word' id='word_1_455' title='bbox 571 4321 654 4373; x_wconf 91' lang='lat' dir='ltr'><strong>domo</strong></span> <span class='ocrx_word' id='word_1_456' title='bbox 666 4320 784 4374; x_wconf 90' lang='lat' dir='ltr'><strong>cadente</strong></span> <span class='ocrx_word' id='word_1_457' title='bbox 796 4321 877 4389; x_wconf 91' lang='lat' dir='ltr'><strong>periit</strong></span> <span class='ocrx_word' id='word_1_458' title='bbox 894 4326 924 4374; x_wconf 90' lang='lat' dir='ltr'><strong>et</strong></span> <span class='ocrx_word' id='word_1_459' title='bbox 937 4319 1044 4391; x_wconf 89' lang='lat' dir='ltr'><strong>[aliquis</strong></span> <span class='ocrx_word' id='word_1_460' title='bbox 1056 4321 1240 4390; x_wconf 83' lang='lat' dir='ltr'><strong>prothegenes</strong></span> <span class='ocrx_word' id='word_1_461' title='bbox 1251 4334 1334 4388; x_wconf 90' lang='lat' dir='ltr'><strong>quem</strong></span> <span class='ocrx_word' id='word_1_462' title='bbox 1347 4317 1384 4371; x_wconf 90' lang='lat' dir='ltr'><strong>ad</strong></span> 
     </span>
     <span class='ocr_line' id='line_1_50' title="bbox 236 4388 1383 4460; baseline -0.001 -17"><span class='ocrx_word' id='word_1_463' title='bbox 236 4389 395 4444; x_wconf 90' lang='lat' dir='ltr'><strong>conuiuium</strong></span> <span class='ocrx_word' id='word_1_464' title='bbox 404 4404 483 4442; x_wconf 91' lang='lat' dir='ltr'><strong>suum</strong></span> <span class='ocrx_word' id='word_1_465' title='bbox 492 4388 662 4460; x_wconf 85' lang='lat' dir='ltr'><strong>inuitauerat]</strong></span> <span class='ocrx_word' id='word_1_466' title='bbox 671 4391 735 4459; x_wconf 89' lang='lat' dir='ltr'><strong>quia</strong></span> <span class='ocrx_word' id='word_1_467' title='bbox 744 4391 866 4445; x_wconf 88' lang='lat' dir='ltr'><strong>eiusdem</strong></span> <span class='ocrx_word' id='word_1_468' title='bbox 875 4391 999 4446; x_wconf 87' lang='lat' dir='ltr'><strong>fuitcum</strong></span> <span class='ocrx_word' id='word_1_469' title='bbox 1008 4391 1069 4445; x_wconf 92' lang='lat' dir='ltr'><strong>uiro</strong></span> <span class='ocrx_word' id='word_1_470' title='bbox 1078 4391 1252 4447; x_wconf 88' lang='lat' dir='ltr'><strong>aduersitatis</strong></span> <span class='ocrx_word' id='word_1_471' title='bbox 1260 4389 1383 4444; x_wconf 90' lang='lat' dir='ltr'><strong>eiusdem</strong></span> 
     </span>
     <span class='ocr_line' id='line_1_51' title="bbox 237 4459 1384 4533; baseline -0.002 -18"><span class='ocrx_word' id='word_1_472' title='bbox 237 4461 339 4521; x_wconf 88' lang='lat' dir='ltr'><strong>dicitur</strong></span> <span class='ocrx_word' id='word_1_473' title='bbox 350 4475 414 4514; x_wconf 86' lang='lat' dir='ltr'><strong>cum</strong></span> <span class='ocrx_word' id='word_1_474' title='bbox 427 4475 461 4513; x_wconf 91' lang='lat' dir='ltr'><strong>eo</strong></span> <span class='ocrx_word' id='word_1_475' title='bbox 473 4459 556 4516; x_wconf 88' lang='lat' dir='ltr'><strong>fuisse</strong></span> <span class='ocrx_word' id='word_1_476' title='bbox 568 4461 790 4530; x_wconf 88' lang='lat' dir='ltr'><strong>constellationis,</strong></span> <span class='ocrx_word' id='word_1_477' title='bbox 799 4463 845 4517; x_wconf 78' lang='lat' dir='ltr'><strong>sed</strong></span> <span class='ocrx_word' id='word_1_478' title='bbox 855 4462 933 4518; x_wconf 82' lang='lat' dir='ltr'><strong>acrba</strong></span> <span class='ocrx_word' id='word_1_479' title='bbox 945 4463 1233 4533; x_wconf 85' lang='lat' dir='ltr'><strong>aliquis—inuitauerat</strong></span> <span class='ocrx_word' id='word_1_480' title='bbox 1244 4462 1337 4519; x_wconf 83' lang='lat' dir='ltr'><strong>absunt</strong></span> <span class='ocrx_word' id='word_1_481' title='bbox 1349 4461 1384 4515; x_wconf 90' lang='lat' dir='ltr'><strong>ab</strong></span> 
     </span>
    </p>
   </div>
   <div class='ocr_carea' id='block_1_9' title="bbox 0 0 1538 5010">
    <p class='ocr_par' dir='ltr' id='par_1_19' title="bbox 0 0 1538 5010">
     <span class='ocr_line' id='line_1_52' title="bbox 0 0 1538 5010; baseline 0 0"><span class='ocrx_word' id='word_1_482' title='bbox 0 0 1538 5010; x_wconf 95' lang='lat' dir='ltr'><strong> </strong></span> 
     </span>
    </p>
   </div>
  </div>
 </body>
</html>
