3038 5010
241 390 260 428 x
682 368 927 430 PRAEFATIO.

243 548 303 605 quo
318 528 465 588 Domitius
482 528 641 588 Ascensius
660 529 794 589 Zarottus
810 528 966 589 Trasillum
984 530 1032 590 uel
1049 530 1200 590 Prasillum
1219 530 1388 601 ediderant3

211 637 215 645 “
243 637 300 697 512
317 632 395 682 reete
409 623 446 682 de
461 616 612 682 Simonide
626 623 772 694 intellexit,
787 623 868 700 quod
883 635 950 682 ante
964 642 1032 684 eum
1047 624 1184 683 fefellerat
1198 642 1310 683 omnes.

283 717 384 775 Vnum
398 716 569 793 Leopardus
588 715 679 793 Belga
699 716 779 793 quod
800 718 877 790 certi,
898 736 990 776 unum
1008 717 1088 795 quod
1108 735 1179 776 uero
1202 717 1293 777 simile
1314 727 1390 776 esset

243 811 343 870 adtulit
364 811 395 870 in
415 810 681 870 Emendationibus
702 811 786 871 editis
809 821 876 888 post
898 820 1021 870 mortem
1043 831 1067 870 a
1087 813 1173 886 1568,
1198 811 1267 870 illud
1291 820 1389 869 tamen

242 916 303 964 tam
328 905 444 981 egregie
467 914 500 963 ut
524 915 619 964 cetera
641 923 709 963 eum
738 906 848 964 mireris
876 904 1000 964 latuisse.
1042 903 1120 964 Nam
1142 925 1170 964 u.
1195 919 1253 980 539
1277 915 1389 964 mutato

242 998 366 1076 Myrrae
379 1000 409 1057 in
426 998 516 1075 Cyrae
535 1000 630 1058 lucem
649 999 715 1057 loco
732 999 836 1057 offudit
855 1000 904 1057 nbi
923 1009 990 1058 ante
1010 1017 1077 1057 eum
1096 998 1196 1057 omnia
1214 1001 1244 1057 in
1263 1001 1389 1058 obscuro

242 1102 333 1152 erant.
374 1093 471 1168 Magis
491 1094 600 1152 incerta
619 1102 685 1152 sunt
705 1110 779 1170 quae
799 1091 835 1151 de
853 1091 976 1152 Biothea
994 1095 1146 1170 proposuit
1162 1113 1190 1152 u.
1207 1107 1275 1168 517,
1293 1094 1345 1152 sed
1359 1102 1390 1150 ut

242 1187 365 1246 aliorum
383 1187 557 1247 conlecturis
576 1187 613 1245 de
632 1187 840 1245 obscurissimo
858 1205 943 1246 uersu
963 1187 1046 1247 facile
1063 1187 1212 1246 excellant.
1257 1187 1389 1262 Reliquis

241 1281 272 1338 in
292 1280 365 1338 locis
386 1297 462 1355 quos
482 1280 512 1337 in
533 1278 798 1339 Emendationibus
819 1281 951 1340 tractauit
971 1299 1041 1341 uera
1062 1281 1119 1338 iam
1140 1280 1252 1357 pridem
1273 1281 1389 1338 innotu-

242 1383 339 1433 erant:
369 1372 485 1432 laudem
510 1383 609 1433 tamen
633 1373 721 1431 etiam
745 1374 775 1431 in
799 1372 844 1433 his
864 1375 982 1434 meritus
1003 1384 1054 1445 est,
1077 1374 1126 1451 qui
1147 1373 1278 1433 historias
1299 1374 1389 1432 fusius

241 1468 405 1527 enarrando
427 1477 455 1528 et
479 1486 515 1526 err
541 1466 640 1526 multis
665 1467 859 1544 scriptoribus,
882 1468 1050 1543 praesertim
1072 1467 1200 1539 Graecis,
1220 1476 1318 1526 uetera
1342 1467 1389 1526 illa

241 1570 271 1621 et
290 1561 421 1637 explosa,
441 1561 568 1620 necdum
592 1560 707 1631 abolita,
729 1562 844 1636 penitus
864 1562 1014 1620 amouerit.
1062 1560 1141 1620 Nam
1162 1560 1332 1638 Leopardus
1353 1579 1388 1618 ea

241 1655 328 1713 etiam
349 1664 442 1714 aetate
461 1673 536 1731 quae
550 1654 713 1713 Victoriam
733 1653 906 1714 Turnebum
928 1655 1077 1714 Muretum
1097 1655 1191 1714 tulerit
1211 1655 1318 1731 dignus
1338 1655 1388 1732 qui

240 1749 341 1824 primis
355 1749 608 1822 adnumeraretur;
629 1749 708 1807 unde
728 1747 798 1806 nihil
815 1748 875 1808 fere
895 1749 1009 1825 scripsit
1029 1749 1109 1826 quod
1127 1767 1189 1807 non
1208 1749 1295 1808 hodie
1315 1765 1387 1825 quo-

242 1861 298 1918 que
313 1844 409 1901 bonae
426 1842 517 1918 frugis
535 1845 571 1901 sit
590 1840 786 1901 iudicandum.
829 1842 915 1914 Quae
934 1844 1019 1919 igitur
1036 1851 1102 1902 ante
1121 1842 1309 1919 Leopardum
1329 1843 1387 1901 iam

243 1935 377 2011 Micyllus
390 1935 509 2006 uiderat,
524 1936 616 1994 multo
634 1935 741 2011 largius
761 1935 931 2013 doctiusque
946 1936 1024 2012 apud
1038 1936 1225 2012 Leopardum
1240 1936 1387 2005 inuenies;

243 2047 318 2105 quae
343 2027 514 2104 Leopardus
539 2028 647 2099 adtulit,
676 2028 707 2085 in
733 2027 882 2104 Saluagnii
910 2031 1119 2088 commentario
1146 2029 1283 2107 pleraque
1308 2047 1388 2088 com·
1426 2020 1428 2022 ’

239 2131 349 2200 parent

283 2214 362 2274 Nihil
382 2215 538 2286 Victorius,
564 2214 661 2292 aliqua
682 2214 838 2275 Turnebus
863 2235 896 2276 ac
923 2217 1068 2290 Schottus,
1092 2236 1184 2277 unum
1208 2217 1387 2293 alterumque

242 2311 385 2387 Iosephus
408 2307 561 2386 Scaliger,*
584 2309 622 2368 ad
642 2309 695 2368 has
716 2310 871 2369 soluendas
890 2312 1030 2387 ambages
1051 2313 1190 2370 contulit:
1216 2329 1277 2370 non
1296 2312 1387 2369 multa

243 2404 386 2474 Sanctius,
402 2403 451 2480 qui
465 2403 586 2461 nimium
606 2402 659 2461 sibi
673 2401 763 2461 deluit
781 2405 811 2462 in
826 2404 1046 2465 Commentario
1061 2389 1148 2481 quern
1168 2407 1199 2463 in
1215 2405 1281 2463 Ibin
1296 2405 1386 2463 edidit

242 2497 435 2556 Salmanticae
452 2497 539 2571 1598,
555 2497 609 2555 etsi
628 2497 737 2572 primus
753 2497 867 2556 uidetur
880 2497 1077 2581 Astacidaeque
1093 2498 1124 2556 in
1140 2512 1198 2572 515
1220 2498 1385 2557 restituisse.

241 2592 346 2668 Neque
372 2588 515 2649 Hercules
539 2589 681 2649 Ciofanus
705 2589 915 2663 Sulmonensis,
940 2593 984 2650 uir
1006 2593 1042 2650 de
1064 2602 1255 2651 conterraneo
1277 2590 1385 2650 Ouidio

241 2686 351 2762 optime
379 2685 505 2757 meritus,
534 2684 688 2760 praecipue
716 2684 746 2742 in
774 2684 1069 2762 Metamorphosibus,
1094 2687 1125 2744 in
1153 2685 1236 2745 Ibide
1262 2686 1385 2744 multum

241 2779 326 2839 studii
340 2778 446 2855 posuit,
456 2795 635 2854 quamquam
650 2776 757 2837 codicis
771 2778 920 2838 Maffeiani
934 2780 1081 2851 lectiones,
1093 2797 1200 2856 easque
1214 2779 1385 2848 mediocres,

240 2892 347 2951 operae
361 2872 463 2931 habuit
481 2871 602 2944 adferre,
623 2874 855 2949 opusculumque
874 2893 959 2933 suum
979 2873 1095 2933 Mureto
1115 2874 1219 2931 iuniori
1240 2872 1386 2931 dedicauit

241 2988 266 3028 a.
282 2970 369 3042 1580.
417 2966 587 3024 Editionem
601 2965 624 3024 I.
640 2965 774 3025 Mercerii
787 2985 855 3025 cum
869 2979 1027 3027 comment.
1042 2967 1131 3027 Paris.
1149 2969 1225 3040 1568
1240 2985 1302 3025 non
1316 2966 1385 3025 uidi.

280 3061 426 3138 Insignior
439 3059 485 3118 his
499 3078 589 3136 opera
605 3059 657 3118 luit
667 3059 774 3119 Valerii
789 3059 925 3121 Andreae
939 3061 1071 3133 Desselii,
1086 3060 1287 3131 Louaniensis,
1303 3059 1385 3119 cuius

239 3157 269 3215 in
284 3156 349 3215 Ibin
364 3154 530 3214 notationes
545 3154 648 3213 additis
664 3152 825 3213 Sanctianis
838 3154 1016 3232 Antuerpiae
1031 3155 1199 3231 prodierunt
1213 3172 1291 3213 anno
1307 3155 1383 3211 1618

238 3269 306 3312 cum
335 3250 432 3309 electis
458 3247 738 3324 Metamorphoseon
765 3247 865 3307 Iacobi
893 3248 1026 3307 Pontani.
1077 3248 1135 3308 Hic
1161 3248 1385 3307 commentarius

239 3348 277 3419 76
306 3344 428 3421 paginas
457 3342 618 3413 continens,
648 3342 766 3418 scriptas
794 3343 906 3402 duabus
934 3343 1061 3419 singulas
1093 3342 1243 3414 columnis,
1272 3352 1386 3419 praeter

239 3438 466 3513 Saluagnianum
491 3435 580 3511 longe
605 3436 732 3511 optimus
756 3454 775 3493 a
798 3454 847 3494 me
870 3435 1000 3495 habetur.
1043 3435 1110 3494 Fuit
1134 3435 1280 3494 Desselius
1304 3437 1385 3495 iuris·

239 3531 396 3600 consultus,
408 3527 564 3604 discipulus
579 3528 656 3586 idem
668 3529 803 3588 Andreae
815 3528 934 3601 Schotti‚
945 3538 1133 3605 praeceptore
1148 3546 1202 3586 suo
1216 3546 1278 3586 non
1292 3529 1385 3607 indig-

238 3643 302 3696 nus,
324 3624 348 3682 si
369 3622 560 3681 eruditionem
581 3632 711 3698 spectes,
740 3641 809 3681 narn
828 3632 924 3682 cetera
942 3640 1003 3681 non
1023 3632 1104 3681 erant
1123 3640 1159 3680 ex
1179 3639 1283 3696 aequo.
1326 3622 1385 3682 Sed

238 3718 374 3777 Pontano
396 3716 580 3792 degrauatus,
602 3716 684 3775 cuius
709 3716 780 3776 liber
800 3725 844 3776 est
867 3718 924 3790 655
949 3715 1130 3791 paginarum,
1152 3714 1182 3771 in
1206 3714 1384 3790 profundum

238 3811 316 3882 abiit,
334 3819 421 3886 atque
440 3809 527 3868 hodie
545 3828 640 3885 paene
659 3810 776 3885 ignotus
792 3818 845 3869 est.
887 3808 935 3869 Ne
954 3809 1039 3867 nobis
1058 3808 1177 3884 quidem
1196 3807 1315 3868 facultas
1332 3809 1385 3869 suit

237 3922 313 3980 opus
327 3905 388 3964 eius
403 3904 575 3979 inspiciendi
589 3904 644 3962 nisi
658 3914 725 3980 post
741 3906 904 3981 inpressum
920 3902 1169 3962 Commentarium
1183 3913 1212 3961 et
1226 3902 1383 3974 ExcursuS,

237 3997 324 4073 idque
339 3997 543 4056 beneuolentia
561 3996 683 4056 Henrici
700 3998 864 4068 Bradshaw,
880 3997 929 4072 qui
950 4015 986 4055 ex
1005 3995 1186 4055 Bibliotheca
1200 3996 1382 4073 Cantabrigi-

237 4092 299 4150 ensi
320 4091 424 4167 ingens
444 4090 585 4149 uolumen
605 4101 634 4150 et
654 4090 704 4149 diu
726 4091 892 4168 neglectum
913 4091 1061 4166 protraxit.
1105 4091 1178 4149 Sunt
1198 4099 1297 4150 tamen
1322 4110 1384 4159 non

236 4202 331 4260 pauca
351 4184 388 4242 ab
409 4181 466 4242 hoc
487 4183 582 4259 primo
603 4184 723 4243 inuenta
745 4203 821 4262 quae
843 4184 1000 4261 Saluagnio
1024 4184 1193 4261 plerumque
1214 4186 1382 4255 tribuuntur,

236 4279 391 4354 praecipue
412 4287 529 4354 sumpta
547 4296 584 4336 ex
604 4276 725 4336 Graecis
744 4278 937 4355 Lycophrone
955 4280 1113 4356 Apollonio
1128 4279 1281 4338 Athenaeo
1298 4279 1383 4338 Calli-

583 4392 597 4425 *
615 4391 651 4439 Sic
662 4392 761 4440 restituit
771 4393 926 4455 Leoprepidae
936 4409 959 4443 u.
972 4406 1027 4456 512.
