3038 5010
231 389 278 446 xiv
686 385 928 445 PRAEFATIO.
967 339 969 342 ι

129 576 131 580 ⁴
233 545 427 613 Burmannus,
438 543 555 618 propria
566 542 706 601 nonnulla
719 543 830 614 adiecit,
840 561 935 620 neque
946 559 981 600 ea
991 541 1108 618 grandis
1119 542 1209 618 pretii,
1219 542 1320 601 saltem
1332 544 1381 602 ubi

234 640 271 698 de
290 654 369 695 nouo
384 655 430 694 res
445 635 624 712 exploranda
643 635 703 695 fuit.
745 636 848 712 Itaque
863 654 1064 713 quaecumque
1083 635 1178 695 fabula
1193 635 1382 713 Saluagnium

147 797 153 807 ,
233 731 378 802 fefellerat,
394 729 491 788 fefellit
507 730 595 788 etiam
610 730 819 789 Burmannum.
862 729 908 788 Ne
924 729 1082 788 Merkelius
1097 730 1223 806 quidem,
1239 731 1288 806 qui
1303 748 1382 790 anno

238 829 313 900 1837
329 824 420 883 Ibidis
432 833 545 882 textum
562 841 598 881 ex
613 823 763 883 codicibus
779 824 846 900 plus
860 824 961 899 uiginti
976 823 1073 896 edidit,
1089 842 1214 900 quorum
1226 823 1382 883 Vindobo-

234 937 356 978 nensem
376 917 534 976 Mauricius
553 916 708 993 Hauptius,
728 915 930 976 Askeuianum
951 917 1014 993 ipse
1032 917 1202 990 contulerat,
1220 918 1382 994 interpretis

234 1029 362 1082 munere,
384 1011 436 1069 sed
457 1009 544 1069 critici
565 1009 769 1069 tantummodo
790 1010 960 1087 plerumque
980 1010 1095 1069 functus
1116 1019 1168 1081 est,
1190 1011 1243 1070 etsi
1264 1020 1383 1087 propter

234 1104 396 1164 doctrinam
406 1121 482 1179 quae
497 1103 526 1160 in
537 1121 574 1161 eo
585 1103 735 1178 singularis
750 1113 801 1176 est,
814 1104 917 1163 iudicia
927 1105 951 1162 si
966 1121 1024 1180 qua
1036 1103 1073 1163 de
1084 1103 1174 1162 ibidis
1188 1104 1292 1164 sabulis
1307 1104 1380 1177 fecit,

234 1199 295 1258 siue
314 1198 344 1254 in
363 1205 502 1273 apparatu
518 1196 653 1256 codicum
670 1197 731 1255 siue
750 1197 780 1256 in
793 1197 965 1257 Prolusione
982 1215 1071 1274 quarn
1088 1197 1208 1256 carmini
1227 1198 1381 1274 praemisit,

234 1309 358 1367 semper,
382 1300 413 1349 ut
441 1290 571 1360 decebat,
592 1291 677 1366 exegi
705 1290 962 1366 scrupulosissime.
1007 1289 1124 1351 Scholia
1147 1300 1246 1350 tamen
1274 1301 1382 1362 uetera,

236 1384 436 1460 Saluagnianis
456 1384 620 1460 integriora,
635 1401 670 1441 ex
685 1382 855 1443 Askeuiano
874 1384 976 1444 codice
997 1385 1115 1461 protulit
1134 1385 1164 1442 in
1184 1384 1288 1456 lucem,
1303 1384 1382 1443 unde

234 1481 264 1537 in
279 1479 334 1537 hac
348 1477 474 1536 editione
488 1495 585 1536 rursus
602 1477 756 1553 publicaui,
771 1477 887 1537 conlata
901 1495 968 1536 cum
984 1477 1074 1536 altero
1089 1478 1192 1537 codice
1206 1479 1256 1556 qui
1270 1478 1301 1536 in
1312 1476 1381 1537 Col-

233 1572 310 1648 legio
326 1571 464 1647 Corporis
478 1569 583 1630 Christi
597 1570 675 1648 apud
689 1589 744 1630 nos
758 1580 845 1642 extat,
859 1571 1023 1647 turpissime
1042 1570 1088 1630 ille
1106 1571 1225 1649 quidem
1238 1571 1381 1643 foedatus,

234 1668 286 1726 sed
310 1676 342 1725 ut
362 1665 513 1742 pristinam
533 1664 661 1740 speciem
685 1664 861 1724 scholiorum
885 1664 997 1724 fidelius
1017 1664 1163 1723 interdum
1187 1673 1382 1742 repraesentet

159 1830 162 1835 ,
234 1759 413 1819 Askeuian0.
454 1757 524 1816 Non
551 1756 730 1816 omittendus
758 1758 883 1835 denique
911 1767 956 1817 est
981 1758 1017 1816 A.
1043 1757 1157 1816 Riesius
1185 1758 1235 1835 qui
1262 1757 1381 1816 editioni

234 1852 465 1912 Tauchnitianae
479 1851 632 1910 nonnullas
646 1850 787 1911 lectiones
801 1870 837 1910 ex
852 1850 1082 1911 Francofurtano
1097 1851 1199 1911 codice
1212 1850 1367 1928 praemisit.

276 1945 306 2004 Si
325 1945 389 2022 quis
406 1954 503 2004 autem
517 1944 638 2003 leuitatis
652 1963 700 2003 me
720 1945 843 2021 arguerit
858 1946 938 2022 quod
955 1944 1129 2021 opusculum
1148 1944 1197 2003 diu
1215 1944 1381 2021 neglectum

234 2058 330 2098 rursus
344 2038 530 2112 susceperim,
545 2037 636 2124 dIscat
651 2056 712 2098 non
727 2039 767 2097 sic
783 2039 819 2098 de
834 2039 918 2097 Ibide
935 2039 1076 2098 iudicasse
1096 2038 1170 2097 duos
1179 2039 1262 2097 diros
1277 2039 1381 2115 quibus

234 2133 313 2192 haud
331 2132 391 2192 scio
413 2150 450 2191 au
472 2130 541 2189 nulli
561 2132 609 2191 uel
629 2132 747 2208 ingenio
768 2133 814 2192 uel
834 2133 966 2195 doctrina
986 2131 1209 2209 praestantiores
1227 2133 1380 2192 extiterint.

236 2226 283 2287 Sic
300 2227 378 2286 enirn
392 2225 539 2284 Bentleius
560 2225 589 2282 in
612 2224 809 2285 dissertatione
825 2227 861 2286 de
876 2226 956 2286 Phal.
971 2226 1062 2303 Epist.
1076 2227 1094 2283 i.
1109 2244 1139 2302 p.
1157 2243 1215 2298 240
1230 2225 1273 2284 ed.
1289 2225 1380 2302 Dyce.

235 2319 310 2379 ‘But
322 2319 361 2378 he
376 2319 442 2378 asks
457 2337 513 2389 me,
528 2319 620 2376 tolero
633 2321 666 2376 elo
679 2317 704 2376 I
707 2320 779 2396 final
791 2321 853 2378 tlrat
864 2320 1007 2379 Phalaris
1021 2337 1083 2378 zoas
1096 2319 1184 2378 burnt
1195 2321 1226 2378 in
1239 2319 1285 2377 leis
1299 2319 1382 2377 butte

234 2413 275 2489 (p.
294 2409 364 2490 133)
379 2411 393 2469 I
408 2411 503 2470 findit
517 2412 548 2470 in
561 2410 662 2471 Ovid’s
675 2411 752 2472 Ibis:

382 2505 464 2580 thue
473 2508 569 2585 ferox
589 2505 740 2578 Phalerei,
761 2508 860 2584 lingua
877 2509 960 2582 prius
979 2526 1040 2565 ense
1059 2514 1168 2578 resecta,

414 2598 498 2658 Meua
518 2600 603 2670 bouus,
624 2599 737 2675 Paple'o
757 2602 869 2660 clausus
889 2604 919 2660 in
939 2620 1000 2659 aere
1016 2619 1137 2678 gemas,·
1160 2596 1257 2681 [439].

233 2694 291 2753 and
302 2694 332 2752 in
346 2692 395 2753 the
409 2693 459 2752 old
473 2693 608 2753 scholiast
618 2711 699 2770 upon
713 2694 763 2753 the
777 2695 859 2770 place
864 2714 871 2767 ;
891 2695 1035 2774 Phalarisr
1049 2696 1158 2768 ipsemet
1169 2702 1270 2753 resecta
1280 2695 1380 2770 liugua

232 2790 263 2847 in
277 2796 389 2847 taurum
404 2807 514 2846 aemam
533 2790 665 2846 coniectus
685 2788 835 2848 est—But
846 2791 879 2846 elo
888 2809 950 2863 you
968 2788 1028 2847 take
1041 2799 1085 2864 up,
1101 2806 1165 2866 says
1180 2788 1236 2846 Mr.
1251 2788 1294 2859 B.,
1309 2788 1379 2845 wille

232 2883 275 2940 tlre
288 2881 398 2958 trpieug
410 2882 512 2940 author
528 2883 564 2960 of
571 2881 614 2939 tlte
627 2900 717 2940 verses
731 2893 801 2958 upon
816 2882 904 2941 llis)
926 2883 954 2941 A
968 2882 1037 2942 little
1051 2881 1134 2942 while
1149 2898 1215 2958 ago,
1233 2879 1310 2938 Ouid
1319 2898 1380 2938 was

231 2995 278 3034 one
291 2976 328 3053 γ
340 2976 383 3034 tlte
399 2981 521 3053 greatest
537 2977 602 3034 wits
618 2976 655 3054 os
667 2975 711 3034 tlte
723 2979 852 3049 anez'ents,
866 2979 926 3035 and
943 2997 976 3035 as
992 2976 1073 3034 mucle
1092 2976 1173 3034 above
1186 2973 1334 3032 Manilius
1346 2992 1380 3031 as

231 3069 340 3130 Ilh'rues
360 3087 422 3128 was
441 3069 605 3129 landsomer
625 3070 694 3128 tlon
710 3069 850 3129 Thersites
864 3069 905 3150 (p.
922 3067 981 3148 28).
1024 3069 1082 3128 But
1101 3087 1169 3129 now
1189 3068 1238 3128 the
1257 3067 1335 3126 wind
1356 3067 1380 3124 is

232 3163 366 3238 changed
385 3164 480 3239 again,
495 3162 553 3221 and
570 3163 637 3222 he’s
651 3182 669 3222 a
685 3164 792 3240 trifling
810 3165 914 3223 author
935 3209 941 3222 .
966 3210 972 3224 .
994 3210 1000 3222 .
1025 3209 1031 3223 .
1054 3163 1112 3223 But
1133 3163 1206 3240 why,
1221 3163 1236 3221 1
1251 3180 1330 3238 pray,
1345 3176 1378 3218 so

232 3275 330 3315 severe
342 3275 424 3333 upon
434 3256 526 3316 Ovidt
546 3257 612 3334 why
625 3267 703 3316 must
717 3261 755 3317 he
770 3257 843 3318 have
857 3276 898 3317 no
912 3258 1002 3317 credit
1016 3258 1046 3316 iu
1061 3276 1079 3316 a
1093 3266 1196 3316 matter
1210 3255 1245 3316 ol
1255 3253 1378 3330 history?

232 3351 300 3411 Will
315 3352 372 3410 Mr.
386 3351 420 3410 Β.
436 3352 593 3427 stigmatise
608 3351 669 3409 him
683 3352 727 3411 for
747 3371 764 3410 a
780 3353 926 3410 lie-mater
940 3352 1138 3430 byprey‘essuon
1154 3353 1194 3426 (p.
1214 3347 1293 3426 164),
1307 3345 1379 3406 such

232 3465 264 3504 as
278 3446 315 3504 he
331 3444 491 3521 obligingly
506 3444 634 3502 declares
649 3445 685 3502 all
699 3452 776 3519 poets
792 3464 841 3503 are
854 3445 921 3503 alin
935 3447 986 3503 tot
1016 3443 1060 3504 Of
1077 3443 1114 3502 all
1131 3443 1179 3501 the
1193 3444 1306 3501 various
1321 3441 1379 3498 his-

231 3539 319 3597 tories
333 3538 395 3596 that
409 3555 457 3595 are
477 3535 605 3595 touched
625 3554 665 3595 on
687 3538 717 3594 in
732 3537 833 3598 Ov'id’s
847 3536 915 3611 Ibis,
931 3534 1035 3597 there's
1052 3546 1105 3595 not
1123 3553 1181 3594 one
1196 3537 1226 3592 in
1241 3534 1314 3611 forty
1329 3535 1380 3593 but

232 3631 307 3692 what
317 3649 360 3689 we
370 3631 443 3688 have
458 3638 487 3687 at
500 3629 556 3687 this
567 3629 623 3706 day
634 3629 717 3688 other
730 3631 811 3706 good
825 3632 967 3691 vouchers
982 3629 1027 3689 for
1037 3629 1152 3703 besides
1166 3628 1215 3687 the
1226 3637 1295 3703 poet
1306 3627 1379 3685 him·
1484 3679 1487 3682 ,

234 3724 293 3782 self.
335 3723 414 3794 And,
430 3721 550 3781 without
564 3723 707 3799 question,
722 3724 758 3783 he
772 3724 831 3784 had
848 3725 967 3784 authors
982 3723 1028 3782 for
1041 3723 1090 3782 the
1104 3731 1170 3795 rest,
1185 3720 1297 3797 though
1311 3721 1380 3798 they

233 3837 282 3876 are
293 3827 345 3876 not
355 3834 423 3875 now
434 3817 558 3887 extant3’
572 3815 710 3894 additque
720 3837 756 3876 ex
768 3818 910 3878 Cicerone
925 3817 1022 3876 locum
1034 3815 1107 3896 (Off.
1117 3816 1144 3876 ii.
1155 3813 1187 3894 7)
1195 3833 1254 3893 quo
1266 3815 1379 3874 distichi

233 3910 323 3969 Ibidis
341 3911 377 3968 de
393 3909 551 3969 Phalaridis
572 3920 655 3970 tauro
676 3913 828 3971 ueritatem
849 3912 1008 3971 confirmet.
1053 3909 1123 3969 Non
1138 3911 1233 3968 minor
1246 3909 1380 3968 laudator

232 4004 266 4064 B.
289 4005 325 4065 G.
348 4002 522 4061 Niebuhrius
546 4003 612 4062 Ibin
636 4014 664 4063 et
688 4006 833 4066 lectitabat
857 4016 886 4065 et
910 4005 1081 4065 celebrabat.
1124 4004 1227 4081 Itaque
1251 4013 1280 4062 et
1305 4003 1379 4062 duos

232 4098 313 4157 locos
337 4099 538 4172 interpretatus
562 4107 614 4169 est,
638 4117 736 4174 gog-4
761 4100 797 4158 de
822 4108 1014 4158 monumento
1036 4097 1135 4173 Pyrrhi
1160 4097 1203 4156 M.
1225 4096 1318 4156 diruto
1341 4097 1379 4154 ab

232 4188 386 4266 Epirotis*
407 4207 466 4267 quo
488 4199 619 4267 ternpore
637 4191 822 4252 Deidamiam
844 4211 961 4270 quoque
982 4192 1175 4253 interficerent
1192 4186 1328 4271 (305-6),
1351 4199 1379 4248 et

264 4351 279 4383 *
291 4347 377 4396 Eadem
387 4349 461 4395 suerat
470 4349 581 4395 sententia
589 4349 719 4397 casauboni
729 4351 758 4396 ad
767 4351 860 4398 Sueton.
869 4350 922 4399 Tib.
932 4361 963 4412 54
972 4348 1102 4397 Ambarum
1110 4349 1141 4397 sic
1150 4348 1254 4410 reliquiis
1262 4346 1378 4408 dispersis,

233 4419 259 4462 ut
270 4415 312 4461 uix
324 4415 456 4477 mundoque
466 4413 548 4477 colligi
559 4421 655 4474 possent.
692 4416 761 4463 ‘Fuit
778 4416 960 4464 saeuissimorum
976 4415 1096 4462 hominurn
1114 4429 1171 4470 mos,
1183 4414 1287 4474 reliquias
1299 4425 1378 4460 eorum
