3038 5010
233 402 290 457 134
631 392 978 455 COMMENTARIVS.

229 553 260 619 ἐξ
272 551 363 620 ἀνδρὸς
375 552 416 604 καὶ
427 548 521 620 ταύρου
533 551 695 619 μεμιγμένης.
781 553 853 603 409.
871 554 977 604 trabes
987 565 1121 614 pressas.
1160 549 1381 618 Pityocamptes3

230 640 315 692 quem
329 621 484 675 Pausanias
498 621 524 676 ii.
542 637 562 675 1.
576 636 601 689 4,
621 621 763 674 Diodorus
776 621 811 674 iv.
828 634 870 688 59.
886 635 910 689 3,
929 621 1094 674 Plutarchus
1112 621 1196 674 Thes.
1210 619 1266 688 viii,
1285 621 1380 674 Schol.

232 693 347 762 Hippol.
369 705 429 761 977,
450 692 579 760 Apollod.
601 691 638 746 iii.
664 692 700 745 16.
726 707 746 759 1,
771 694 851 760 Prop.
872 691 909 744 iii.
929 706 970 745 22.
989 704 1032 758 37,
1054 691 1115 760 ipse
1138 690 1258 744 Ouidius
1279 692 1320 744 M.
1333 690 1379 744 vii.

230 777 363 831 440-442‚
377 762 499 817 eundern
515 779 579 816 cum
599 762 696 816 Sinide
714 761 827 816 iaciunt.
867 764 938 815 Cum
954 762 1090 830 scriptore
1111 761 1200 814 Ibidis
1219 761 1381 815 consentire

231 834 363 888 uidentur
377 832 508 901 Hyginus
517 834 559 900 38,
574 833 704 886 Eustath.
717 833 774 900 158,
789 834 862 900 Hyg.
875 833 908 899 38
921 833 1133 902 Pityoeampten
1145 833 1278 901 Neptuni
1279 833 1382 901 filium

229 906 283 974 qui
292 905 349 957 iter
353 905 517 973 gradientes
528 903 640 973 cogebat
656 910 688 956 ut
705 920 796 955 secum
815 903 941 956 arborem
950 907 1053 972 pinum
1067 903 1108 957 ad
1117 908 1222 955 terram
1225 902 1381 971 flecterent,

228 992 316 1045 quam
337 976 468 1043 quicum
486 991 517 1027 eo
556 974 694 1041 maderet,
715 975 765 1026 ille
783 991 845 1026 eam
866 973 977 1026 uiribus
994 975 1108 1025 missam
1120 973 1265 1041 faciebat:
1283 974 1326 1026 ita
1344 973 1386 1026 ad

229 1052 337 1099 terram
353 1046 490 1114 grauiter
506 1044 662 1097 ez'clebatur
678 1050 705 1096 et
721 1044 839 1113 peribat.
923 1046 990 1097 410.
1009 1046 1106 1097 huius
1122 1049 1154 1097 et
1169 1046 1266 1096 huius
1282 1059 1382 1107 aquas

230 1115 309 1169 sinus
329 1114 501 1168 Corinthiaci
520 1125 548 1168 et
568 1114 702 1168 Saronici.
742 1115 807 1168 Sen.
821 1115 892 1182 Thy.
910 1128 955 1166 111
974 1114 1032 1183 Qui
1039 1114 1178 1184 fluctibus
1198 1113 1298 1166 lllinc
1312 1117 1381 1183 pro-

225 1187 346 1256 pinquis
364 1185 485 1238 Isthmos
503 1191 587 1253 atque
608 1184 701 1238 illinc
714 1185 826 1253 fremit.
865 1184 939 1237 Flor.
952 1184 978 1238 ii.
996 1184 1034 1238 16.
1052 1200 1062 1237 1
1083 1183 1237 1237 Corinthus
1254 1183 1382 1237 Achaiae

228 1261 322 1326 caput,
338 1257 471 1310 Graeciae
485 1256 574 1324 maus,
592 1256 738 1309 interduo
755 1256 856 1321 maria,
869 1255 983 1308 Ionium
999 1261 1026 1307 et
1037 1255 1192 1324 Aegaeum,
1208 1257 1294 1324 quasi
1308 1258 1382 1323 spec-

191 1348 193 1351 ·
229 1328 324 1380 taculo
341 1327 474 1396 exposita.
513 1328 580 1379 Her.
595 1325 630 1379 iv.
648 1338 705 1393 105,
717 1325 743 1392 6,
763 1326 832 1378 Met.
846 1324 891 1378 vii.
906 1336 956 1393 405
976 1326 1110 1378 bimarem
1129 1325 1263 1378 Isthmon.
1297 1325 1380 1394 Prop.

230 1396 267 1452 iii.
283 1395 342 1465 (iv.)
356 1412 397 1450 21.
411 1411 444 1449 22
457 1396 579 1450 Isthmos
589 1413 647 1464 qua
659 1398 743 1449 terris
760 1401 837 1449 arcet
853 1401 1005 1464 utrumque
1017 1412 1102 1463 mare,
1116 1395 1153 1448 ad
1166 1411 1251 1464 quern
1267 1412 1381 1448 uersum

230 1467 326 1520 omnia
339 1466 481 1535 congessit
496 1466 678 1520 Passeratius.
734 1469 796 1519 411.
815 1469 909 1520 ceres
920 1469 1003 1520 uidit
1014 1470 1097 1520 laeto
1109 1469 1275 1530 pereuntia
1287 1469 1382 1519 utrltu

231 1540 370 1602 Corpora
381 1536 533 1605 Cercyonis
543 1537 590 1606 qui
603 1536 738 1590 Eleusina
748 1537 884 1590 adeuntes
896 1536 1054 1590 infestabat.
1080 1535 1171 1590 M.vii.
1177 1550 1230 1605 439
1236 1537 1383 1604 Cercyonis

229 1609 316 1662 letum
330 1609 405 1662 uidit
418 1609 540 1661 Cerealis
551 1609 678 1661 Eleusin.
750 1610 818 1660 412.
837 1611 978 1671 Corpora
990 1624 1099 1675 corpus,
1112 1616 1142 1661 ut
1156 1606 1225 1660 alias
1238 1623 1296 1659 non
1309 1623 1380 1660 raro.

231 1681 374 1746 Drigerus
384 1677 507 1746 (Latein.
520 1679 597 1745 Synt.
605 1677 621 1732 i.
627 1695 652 1746 p.
658 1678 686 1745 6)
695 1687 840 1746 comparat
850 1679 957 1744 σώματα
966 1678 1052 1746 Soph.
1059 1678 1101 1731 El.
1111 1693 1140 1730 12
1143 1692 1186 1744 32.
1204 1680 1383 1742 Cercyonea

232 1748 385 1817 Cercyonis
407 1758 437 1802 ut
455 1749 624 1818 Apollineas
645 1749 782 1801 medullas
799 1747 938 1817 Apollinis
959 1749 999 1802 M.
1018 1747 1035 1801 i.
1052 1760 1112 1815 473.
1151 1747 1237 1801 Diod.
1254 1747 1289 1802 iv.
1306 1759 1346 1816 59.
1367 1760 1379 1816 5

230 1818 329 1871 ἈνειἿιε
349 1819 377 1872 δὲ
397 1819 438 1871 καὶ
458 1820 517 1889 περὶ
535 1819 582 1885 τὴν
603 1819 742 1872 Ἐλευσῖνα
761 1818 889 1887 Κερκύονα
913 1819 957 1872 τὸν
982 1818 1165 1871 διαπαλαίοντα
1183 1820 1237 1872 τοῖς
1257 1821 1381 1887 παριοῦσι

230 1890 271 1942 καὶ
289 1890 333 1943 τὸν
351 1887 489 1956 ἡττηθέντα
508 1888 697 1959 διαφθείροντα.
735 1889 830 1943 Schol.
848 1890 918 1942 Plat.
937 1890 1004 1957 Leg.
1022 1889 1074 1957 796
1091 1888 1142 1956 Τὴν
1157 1888 1205 1955 μέν
1219 1889 1269 1942 ἀπὸ
1286 1893 1382 1958 χειρῶν

229 1962 314 2026 πάλην
337 1959 425 2029 ε’ξεῡρε
447 1957 556 2028 θησεύς,
577 1959 623 2026 τὴν
644 1959 671 2012 δέ
693 1958 743 2012 ἀπὸ
767 1962 868 2012 σκελῶν
892 1958 1011 2025 Κερκύων
1035 1960 1154 2027 Βρόγχου
1178 1959 1218 2012 καὶ
1242 1957 1382 2029 Ἀργιόπης

230 2028 340 2100 νύμφης.
374 2031 439 2099 πρὸς
462 2034 553 2084 τοῦτον
573 2031 604 2083 τὸ
626 2030 744 2098 πέμπτον
767 2027 848 2083 ἆθλον
872 2028 899 2083 έν
921 2028 1051 2082 Ἐλευσῖνι
1074 2028 1191 2082 παλαίων
1210 2027 1382 2098 διηγωνίσοτο

231 2100 342 2168 eperia.
369 2101 409 2154 Cf.
425 2101 507 2154 Paus.
522 2100 538 2154 i.
553 2114 594 2168 39.
609 2114 632 2168 3.
691 2103 756 2154 413.
778 2102 890 2154 Incerta
902 2099 993 2154 lectio.
1022 2099 1106 2168 Quod
1119 2098 1218 2168 scripsi
1231 2116 1380 2168 compares

229 2187 295 2224 cum
308 2183 340 2240 95
353 2171 443 2224 Illum
455 2187 504 2241 ego
514 2171 635 2225 deuoueo
653 2187 733 2239 quem
752 2188 844 2224 mens
862 2172 1000 2240 intelligit
1015 2170 1079 2223 Ibin
1094 2170 1153 2239 Qui
1166 2172 1219 2223 scit
1232 2187 1261 2223 se
1278 2169 1380 2223 factis

229 2241 281 2294 has
293 2242 426 2294 meruisse
436 2245 539 2311 preces.
578 2240 625 2295 Sic
638 2241 713 2294 enim
725 2245 775 2295 ira
789 2251 817 2295 et
833 2246 950 2295 mentis
962 2251 989 2295 et
1001 2244 1177 2295 iustissima
1189 2249 1240 2294 est.
1279 2239 1337 2294 Sed
1351 2249 1380 2294 et

229 2329 302 2380 quae
320 2313 429 2364 mem'tz's
441 2312 572 2381 precibus
589 2329 650 2364 mea
668 2312 693 2365 d.
714 2314 761 2365 ira
780 2321 874 2380 potest
893 2311 956 2379 legi,
970 2321 1000 2365 ut
1018 2313 1102 2364 iustis
1119 2320 1265 2380 tamquam
1284 2310 1381 2378 glossa

230 2381 312 2435 luerit
329 2381 466 2449 additum,
480 2398 536 2451 quo
553 2383 661 2435 merz'tis
676 2382 868 2451 explicaretur.
907 2383 965 2436 Sed
983 2398 1040 2434 non
1058 2381 1162 2435 infitior
1179 2381 1208 2434 id
1221 2380 1304 2434 nimis
1317 2382 1379 2434 lan-

229 2469 315 2520 guere
333 2451 403 2505 mihi
422 2451 518 2506 uideri.
611 2454 677 2506 415.
695 2454 951 2507 Achaemenides.
984 2451 1110 2521 Sumpsit
1130 2453 1183 2505 hoc
1202 2469 1236 2506 ex
1250 2450 1379 2504 Aeneide

229 2521 266 2575 iii.
283 2523 411 2591 587-691.
450 2521 515 2576 Fuit
527 2524 627 2591 patria
645 2540 682 2575 ex
697 2523 804 2591 Ithaca,
821 2540 908 2578 conces
925 2523 1046 2592 infelicis
1063 2524 1143 2576 Vlixi
1155 2521 1242 2592 (Aen.
1259 2521 1296 2575 iii.
1314 2519 1378 2588 613)

233 2593 349 2646 Troiam
357 2594 486 2662 genitore
497 2592 655 2646 Adamasto
667 2595 798 2662 Paupere
804 2594 948 2664 profectus
960 2593 1031 2661 (614,
1047 2591 1081 2661 5).
1118 2593 1172 2661 Qui
1186 2609 1250 2646 cum
1264 2609 1281 2645 a
1294 2591 1378 2645 sociis
1398 2590 1401 2597 '

185 2666 187 2670 ⁴
230 2663 268 2722 ad
287 2663 413 2718 Siciliam
432 2663 557 2732 appulsis
578 2663 606 2717 in
621 2664 786 2732 Polyphemi
806 2675 887 2718 antro
907 2664 1034 2718 desertus
1053 2673 1136 2732 esset,
1149 2664 1283 2732 profugus
1302 2661 1379 2715 illinc

230 2734 268 2788 ad
280 2734 345 2787 litus
354 2735 479 2787 Teucros
493 2751 557 2787 cum
567 2735 665 2788 Aenea
676 2735 862 2789 deueneratus
876 2745 919 2789 est
932 2745 962 2788 ut
975 2735 1085 2788 saluum
1099 2751 1129 2788 se
1139 2735 1272 2799 lacerent,
1282 2733 1318 2786 ab
1329 2733 1379 2786 iis·

229 2803 326 2874 quein
339 2821 427 2858 naues
440 2814 569 2873 receptus
583 2815 634 2858 est.
669 2808 774 2859 Sicula
785 2810 928 2859 desertus
939 2807 1094 2859 inAetna
1117 2805 1255 2873 Cyclopes
1265 2803 1312 2857 ubi
1325 2804 1378 2856 ha·

229 2874 367 2943 bitabant,
377 2875 518 2945 horrificis
529 2877 612 2928 iuxta
624 2881 705 2929 tonat
712 2877 809 2929 Aetna
821 2878 915 2929 ruz'nis
925 2876 1005 2944 (Aen.
1017 2875 1054 2929 iii.
1068 2873 1138 2944 571),
1146 2874 1378 2929 Achaemeniden

229 2956 324 2999 autem
336 2947 405 3000 dum
417 2947 524 3016 trepidi
533 2947 658 3000 crudelia
669 2946 772 2999 limina
783 2947 895 3000 lincunt
901 2948 1070 3000 Inmemores
1080 2947 1150 3000 socii
1159 2952 1240 2999 uasto
1254 2946 1381 3015 Cyclopis

229 3017 261 3070 in
285 3022 369 3070 antro
392 3018 579 3070 Deseruere
600 3016 808 3084 (111616418).
879 3019 945 3071 416.
971 3020 1082 3071 Troica
1105 3033 1178 3070 oum
1201 3019 1284 3069 uidit
1307 3019 1380 3069 uela

228 3091 345 3141 uenire.
382 3088 453 3141 Aen.
467 3086 504 3141 iii.
520 3098 571 3155 590
582 3105 597 3139 e
607 3087 691 3140 siluis
705 3089 792 3141 macie
807 3087 928 3159 confecta
944 3092 1076 3156 suprema
1087 3088 1186 3158 Ignoti¹
1196 3103 1271 3139 noua
1277 3087 1380 3156 forma
1482 3134 1483 3137 ,

228 3159 296 3224 mii,
318 3157 532 3227 miserandaque
551 3158 630 3212 cultu
645 3159 797 3212 Procedit.
818 3199 824 3212 .
844 3199 850 3211 .
864 3159 941 3212 Dira
959 3159 1083 3212 inluuies
1099 3159 1271 3226 ininissaque
1285 3157 1379 3224 barba,

229 3229 394 3281 Consertum
414 3233 544 3299 tegumen
564 3229 661 3298 spinis.
700 3228 839 3281 Fabulam
858 3228 1088 3283 Achaemenidae
1110 3226 1230 3282 Ouidius
1251 3237 1379 3281 narrarat

230 3299 299 3352 Met.
323 3298 376 3352 xiv.
402 3299 452 3351 160
472 3315 535 3368 sqq.
614 3300 679 3353 411.
698 3301 827 3353 iorttma
846 3309 875 3353 ut
898 3299 1042 3353 mendices
1064 3309 1092 3353 et
1112 3315 1129 3351 a
1148 3297 1262 3352 fortiore
1283 3296 1379 3367 aliquo

228 3367 331 3438 pugnis
353 3386 453 3423 caesus
474 3367 552 3422 humi
574 3366 738 3437 inpingaris‚
760 3369 832 3423 sicut
857 3371 918 3423 lrus
938 3370 974 3423 ab
996 3369 1077 3423 Vlixe
1100 3368 1153 3422 Od.
1176 3367 1249 3422 xviii.
1264 3380 1379 3436 95-100.

227 3442 400 3494 binominis
421 3443 474 3493 Iri.
513 3439 609 3493 Etiam
630 3442 759 3494 Amaeus
784 3441 941 3509 appellatus
965 3449 1016 3494 est.
1055 3439 1110 3493 Od.
1130 3437 1204 3492 xviii.
1228 3451 1275 3505 1-7
1291 3435 1379 3490 Ἦλθε

227 3507 251 3562 δ’
273 3511 316 3563 ἐπὶ
338 3511 442 3579 πτωχὸς
460 3510 608 3578 πανδήμιος,
629 3507 658 3565 bs
678 3511 739 3564 rard
760 3511 827 3564 ἄστυ
849 3509 1012 3579 Πτωχεθεπκ’
1032 3507 1139 3577 Ἰθάκης,
1158 3509 1222 3575 μετὰ
1241 3507 1263 3561 δ’
1284 3508 1378 3578 ἔπρεπε

227 3580 440 3672 γαστέριιμάργηη
460 3580 566 3670 ’μζηχές
584 3579 701 3668 φαγέμεν
718 3582 759 3634 καὶ
776 3581 887 3672 πιέμεν,
898 3579 956 3670 σμ’δέ
975 3581 998 3633 οἱ
1015 3578 1047 3674 ᾖν
1064 3578 1095 3669 is,
1114 3579 1180 3669 0νῦδέ
1199 3579 1251 3647 βίη,
1268 3573 1335 3665 εἶδος
1350 3579 1379 3631 δὲ

227 3652 398 3790 litati
431 3651 604 3790 illiti:
625 3650 1379 3791 ..littlelittjttrtrtipttlttttttt

227 3790 278 3846 nob
290 3813 328 3845 τις
339 3791 443 3861 ἀνώγοι.
495 3794 563 3845 418.
582 3793 706 3856 Quique
718 3798 826 3847 tenent
837 3799 965 3857 pontem
977 3791 1109 3846 mendici.
1147 3792 1244 3844 quen.
1257 3789 1312 3845 xiv.
1328 3805 1378 3857 134

227 3861 375 3915 Inuitatus
398 3863 438 3915 ad
458 3860 526 3914 haec
548 3862 654 3930 aliquis
677 3864 711 3916 de
728 3867 816 3933 ponte
836 3863 955 3934 negabit,
977 3862 1012 3917 iv.
1035 3862 1084 3916 116
1102 3863 1237 3930 dirusque
1256 3879 1275 3914 a
1291 3865 1379 3931 ponte

226 3932 336 3985 satelles
352 3933 468 4003 Dignus
485 3932 621 3986 Aricinos
638 3934 690 4002 qui
706 3935 876 3987 mendicaret
893 3935 934 3986 ad
948 3951 1022 4001 axes,
1041 3952 1066 3987 v.
1086 3934 1110 3986 8.
1150 3935 1235 3986 Mart.
1247 3950 1273 3984 x.
1289 3944 1312 3999 5.
1325 3944 1377 3999 3-5

226 4003 317 4056 Erret
329 4005 385 4071 per
402 4003 496 4055 urbem
510 4004 609 4071 pontis
625 4003 708 4056 exsul
723 4009 751 4056 et
767 4006 839 4059 cliui
848 4005 981 4073 Interque
992 4020 1092 4057 raucos
1104 4003 1223 4056 ultimus
1234 4007 1379 4125 rqatores

229 4073 299 4125 Oret
309 4073 427 4126 caninas
433 4075 521 4142 panis
533 4074 647 4143 inprobi
661 4075 764 4128 buccas.
801 4074 875 4129 Vide
890 4078 992 4144 Mayor
1004 4075 1041 4128 ad
1057 4076 1153 4127 quen.
1166 4073 1202 4126 iv.
1219 4088 1277 4126 11.
1322 4077 1378 4136 qui

226 4145 288 4197 tibi
303 4146 404 4196 maior
422 4147 491 4197 erit.
528 4144 676 4197 Turnebus
689 4144 724 4198 ix.
738 4160 753 4197 2
758 4158 770 4214 5
791 4145 896 4199 rettulit
919 4146 956 4199 ad
975 4146 1063 4199 uerba
1080 4147 1204 4209 Quique
1223 4147 1316 4211 tenet,
1336 4143 1378 4196 sic

227 4213 304 4266 enim
326 4213 401 4281 legit,
424 4214 478 4266 hoc
500 4230 584 4267 sensu
604 4219 705 4283 ‘quem
724 4232 792 4284 prae
811 4225 839 4270 te
857 4233 991 4284 magnum
1012 4216 1097 4283 dices
1111 4213 1240 4284 quamuis
1259 4213 1321 4267 aliis
1341 4212 1378 4268 sit

118 4308 123 4315 ·
228 4283 340 4338 infimus
358 4294 385 4338 et
405 4283 642 4350 abiectissimus'3
661 4285 708 4338 alii
726 4287 764 4339 ad
781 4293 919 4350 pontem,
932 4297 962 4341 ut
975 4289 1008 4340 T.
1022 4286 1202 4340 Vnderdown
1222 4283 1284 4354 ‘qui
1304 4301 1377 4353 pons

226 4355 277 4409 tibi
300 4355 466 4409 extendetur
487 4365 514 4409 et
536 4356 628 4424 plures
651 4357 797 4410 mendicos
819 4356 944 4423 habebit,
962 4374 1018 4427 quo
1038 4357 1097 4426 ipse
1120 4355 1213 4409 minus
1236 4354 1378 4424 accipias!

226 4425 291 4482 ‘He
309 4425 427 4479 wisheth
443 4424 500 4478 Ibis
517 4435 546 4479 to
565 4426 601 4501 pe
620 4444 637 4480 a
655 4427 762 4495 beggar
780 4426 808 4480 in
828 4445 968 4497 company
981 4428 1046 4480 with
1063 4445 1081 4480 a
1096 4437 1193 4496 greate
1212 4437 1296 4493 sorte,
1315 4426 1377 4479 that

225 4496 270 4551 his
283 4506 345 4568 part
359 4497 391 4550 of
399 4497 447 4551 the
460 4496 548 4550 almes
561 4501 626 4566 rhay
639 4498 675 4551 be
688 4515 754 4568 very
767 4499 865 4553 small)
900 4499 947 4552 Ad
962 4500 1038 4551 lrum
1051 4497 1074 4551 si
1087 4498 1223 4552 referatur
1235 4500 1298 4564 qui,
1311 4513 1376 4566 pos·
1404 4539 1407 4542 ,
