3038 5010
562 401 888 464 PROLEGOMENA.
1227 406 1305 465 xxvii

154 560 199 621 Cf.
214 559 295 620 Dion
317 562 350 621 C.
366 576 414 636 55.
432 581 478 622 11.
519 561 600 620 HInc
618 562 791 620 contubernio
810 579 877 621 eum
896 562 1058 620 admouerat
1074 561 1217 634 TiberIus‚
1232 573 1304 623 teste

154 642 232 701 Suet.
252 643 382 716 Tibri.
425 643 484 703 Sed
504 653 533 702 et
553 643 687 719 Augusto
708 653 807 718 gratus
827 653 897 713 erat,
918 643 997 701 unde
1019 661 1086 702 cum
1107 643 1187 703 Areo
1209 645 1304 720 philo·

153 724 248 800 sopho
270 736 314 784 ter
334 726 519 802 coniungitur
535 744 552 783 a
567 723 731 783 Themistio
753 723 833 784 Orat.
848 743 874 795 v,
890 725 943 796 viii,
959 725 997 784 xl.
1040 724 1136 783 Huius
1157 728 1247 785 uerba
1267 745 1304 784 ex

154 804 235 864 Orat.
249 806 303 864 viii.
329 825 358 882 p.
379 811 435 865 208
458 806 603 865 Harduin.
625 806 695 864 libet
716 806 885 878 exscribere,
909 809 957 862 Διὰ
977 811 1053 862 τοῦτο
1074 809 1116 862 καὶ
1137 810 1152 861 ὁ
1171 809 1239 864 πάνυ
1260 817 1304 863 Σε-

153 891 253 953 βαστὸν
266 891 345 962 με’γος
358 889 389 958 ἦν
402 889 441 944 ὅτι
454 891 499 944 τὸν
507 888 610 961 Ἀρειον
624 890 666 943 καὶ
679 890 723 942 τὸν
738 890 878 961 θράσυλον
891 887 1089 962 συμπεριήγετο·
1110 890 1158 961 οὐχ
1177 888 1218 944 ἵνα
1235 891 1304 965 αὐτῷ
1378 945 1380 948 ,

153 970 287 1026 συνθέσεις
308 971 513 1041 οἰκοδομημάτων
527 970 664 1042 ἐξηγῶνται
684 970 725 1024 nal
745 967 890 1040 ἀναλύσεις,
905 968 965 1024 ἀλλ’
979 968 1019 1024 ἵνα
1039 972 1103 1042 πρὸς
1123 971 1155 1024 τὸ
1175 972 1239 1044 ἔργα
1259 974 1305 1041 τῆς
1387 1036 1390 1041 ,

153 1051 243 1122 ἀρετῆς
262 1058 422 1124 παρορμῶσι.
464 1049 654 1125 Interfuitque
671 1048 840 1124 Thrasyllus
861 1049 999 1108 conuiuio
1021 1049 1102 1126 quod
1123 1051 1223 1125 paucis
1245 1050 1304 1109 die-

152 1131 207 1188 bus
229 1142 295 1190 ante
316 1141 442 1190 mortem
459 1131 609 1207 Augustus
630 1131 730 1189 habuit
747 1129 837 1207 (Suet.
853 1131 930 1207 Aug.
946 1128 1007 1209 98).
1049 1130 1109 1201 Qui
1130 1149 1197 1190 cum
1218 1133 1304 1190 unius

151 1229 189 1269 ex
207 1211 326 1284 dilectis,
341 1213 503 1289 Masgabae
518 1212 645 1281 nomiae,
662 1230 749 1289 quem
764 1212 846 1288 quasi
863 1212 1045 1270 conditorem
1059 1212 1169 1271 Insulae
1184 1212 1305 1288 Capreis

153 1292 311 1352 adiacentiS
326 1297 440 1365 Κτίστην
453 1311 561 1352 uocare
578 1303 739 1362 consuerat,
754 1294 889 1351 tuninluin
903 1313 916 1350 e
930 1295 1051 1351 triclinio
1064 1295 1307 1352 animaduertisset

153 1392 256 1449 magna
270 1375 353 1434 turba
366 1376 511 1451 multisque
526 1375 677 1432 luminibus
682 1375 875 1453 frequentari,
890 1393 999 1433 uersum
1014 1376 1186 1449 compositum
1200 1383 1304 1434 extern-

146 1465 218 1531 μονα
237 1456 313 1515 clarc
328 1457 533 1531 pronuntianti,
556 1461 669 1512 Κτιστοῦ
689 1458 718 1512 δὲ
738 1456 835 1528 τύμβον
855 1457 948 1529 εἷσορῶ
968 1456 1133 1529 πυρούμενον.
1180 1455 1304 1515 Conuer-

152 1554 251 1610 snsque
271 1538 312 1595 ad
327 1537 516 1611 Thrasyllum,
536 1536 646 1594 Tiberii
663 1539 789 1609 comitem,
809 1543 905 1594 contra
926 1538 1107 1608 accubantem,
1126 1544 1153 1596 et
1171 1538 1305 1613 ignarum

154 1620 202 1688 rei,
227 1621 414 1693 interrogauit
430 1621 576 1677 cuiusnam
594 1625 688 1693 poetae
711 1624 826 1693 putaret
846 1637 917 1676 esse:
942 1637 995 1692 qno
1018 1619 1168 1676 haesitante
1191 1619 1307 1676 snbi‘ccit

153 1700 252 1765 ult'ttm,
274 1701 352 1773 Ὀρᾷς
376 1701 477 1773 φάεσσι
502 1701 649 1773 Μασγόβον
671 1704 819 1771 τιμώμενον,
845 1719 878 1756 ac
905 1700 937 1756 de
963 1701 1013 1757 hoc
1036 1718 1136 1774 quoque
1160 1701 1304 1758 consuluit.

156 1779 228 1839 Cum
249 1781 296 1838 ille
316 1782 393 1840 uiuit
410 1782 494 1839 alind
513 1782 683 1856 responderet
702 1781 763 1838 ni'si
780 1782 970 1855 cuiuscumque
993 1787 1085 1852 essent,
1106 1782 1218 1856 epternac
1241 1801 1303 1851 esse,

152 1863 316 1920 cachinnum
334 1864 448 1921 sustulit
462 1870 542 1938 atquc
558 1863 589 1919 in
607 1865 676 1920 iacis
692 1862 796 1938 effusus
812 1868 858 1919 est.

195 1943 255 2001 Hic
269 1942 439 2020 Thrasyllus
458 1954 490 2003 ut
509 1943 569 2001 Ibis
591 1942 674 2002 fuerit
695 1945 864 2020 conspirant
883 1961 945 2002 non
966 1961 1069 2019 pauca.
1112 1943 1191 2003 Nam
1213 1944 1304 2002 filium

154 2023 254 2082 habuit
274 2022 360 2102 (Tac.
382 2026 460 2084 Ann.
480 2025 514 2082 vi.
538 2020 589 2101 ιι)
609 2024 688 2084 unde
711 2025 758 2083 illa
778 2032 851 2099 teque
871 2032 981 2101 tuosque
1004 2025 1130 2101 explices
1154 2043 1182 2082 u.
1200 2026 1253 2099 56,
1275 2034 1305 2083 et

153 2106 337 2164 doctissimus
357 2105 410 2165 fuit
430 2107 480 2184 qui
500 2108 651 2164 multarum
672 2109 776 2164 artium
797 2108 938 2165 sci'enti'ani
955 2108 1101 2185 prcffessus
1119 2114 1256 2181 postremo
1276 2125 1304 2164 se

153 2188 228 2244 dedet
245 2188 408 2246 Platonicae
428 2194 512 2246 sectae
532 2187 641 2267 (Schol.
664 2187 766 2246 quen.
781 2189 816 2246 vi.
835 2184 916 2263 575),
938 2188 1016 2246 unde
1038 2198 1304 2246 commemorantur
1364 2212 1366 2216 ·

154 2269 215 2327 eius
230 2269 292 2326 libri
310 2269 347 2327 de
361 2269 492 2339 Platone,
508 2268 544 2327 de
558 2268 719 2327 Democriti
738 2269 850 2345 scriptIs
870 2268 1023 2346 quomodo
1041 2269 1166 2344 legenda
1185 2269 1250 2341 sint,
1266 2269 1303 2327 de
1329 2292 1333 2300 ·

153 2350 339 2425 temporibus,
364 2350 553 2426 Aegyptiace,
579 2349 615 2408 de
639 2350 789 2426 lapidibus,
815 2350 958 2409 Thracica
985 2348 1117 2429 (Chnton
1142 2349 1174 2410 F.
1200 2349 1240 2407 H.
1265 2350 1302 2408 iii.

153 2449 182 2506 p.
198 2428 287 2509 555);
309 2441 341 2490 ut
355 2431 477 2508 dignum
498 2431 599 2490 credas
619 2431 650 2488 In
670 2450 759 2508 quem
777 2441 894 2491 tottam
913 2431 1015 2490 doctas
1033 2431 1166 2490 historias
1180 2429 1304 2490 Ouidius

154 2522 346 2588 congereret:
378 2522 407 2572 et
434 2512 544 2588 optIme
572 2511 693 2589 quadrat
720 2513 925 2572 mathematico
953 2513 1074 2589 repetita
1101 2513 1206 2572 totiens
1235 2513 1304 2571 solis

153 2593 238 2652 lunae
253 2594 380 2652 siderum
395 2594 466 2653 caeli
480 2594 599 2664 mentio,
613 2603 672 2652 tam
686 2594 814 2653 studiose
827 2595 962 2671 inquisita
976 2604 1005 2652 et
1019 2594 1166 2653 enuntiata
1179 2594 1303 2670 genesis.

154 2673 235 2746 Quid
258 2676 340 2751 quod
368 2675 513 2751 Thrasylli
539 2692 649 2733 nomen
676 2675 751 2734 inter
778 2675 909 2735 historias
934 2676 1032 2734 locum
1059 2675 1148 2734 habet
1175 2693 1203 2734 u.
1223 2677 1303 2749 331?

153 2756 235 2831 quod
252 2757 428 2833 AegyptIum
448 2757 541 2814 acrius
559 2756 694 2815 mordent
708 2767 751 2816 tot
765 2756 851 2816 ducta
864 2776 902 2816 ex
917 2757 1073 2832 Aegypto?
1102 2757 1183 2833 quod
1201 2756 1303 2816 melius

155 2837 195 2896 sic
209 2837 283 2895 inter
301 2855 332 2896 se
351 2848 557 2913 comparantur
574 2856 604 2896 ιι.
618 2857 675 2914 219
690 2837 752 2897 dies
765 2838 910 2909 Alliensis
926 2839 987 2897 dies
1001 2837 1104 2897 natalis
1121 2837 1220 2909 Ibidis,
1235 2855 1304 2896 cum

153 2927 183 2976 et
196 2919 338 2993 Allensis
349 2928 378 2977 et
391 2918 587 2995 Aegyptiacus
605 2918 666 2977 dies
687 2928 747 2978 ater
768 2918 869 2979 fuerit?
891 2919 1001 2997 (Noris.
1023 2917 1186 2994 Cenotaph.
1208 2918 1303 2977 Pisan.

155 2998 239 3077 373).
281 2999 433 3059 Praeterea
453 3019 489 3058 ex
507 2999 647 3059 Mendete
669 3001 692 3058 si
713 3001 774 3072 fuit,
789 3018 864 3078 quae
883 3002 952 3059 urbs
973 3018 1035 3058 non
1056 2999 1144 3076 longe
1166 3000 1265 3059 aberat
1286 3018 1304 3058 a

154 3080 305 3157 Lycopoli‚
317 3081 407 3140 habes
421 3100 473 3140 cur
482 3082 559 3156 lupos
572 3082 617 3140 bis
631 3082 775 3140 induxerit
789 3091 884 3157 poeta,
895 3100 933 3154 44
942 3081 1017 3139 Pax
1031 3082 1086 3138 crit
1097 3081 1163 3138 laec
1176 3080 1268 3138 nobis.
1279 3124 1303 3139 ..

158 3160 230 3221 Curii
242 3172 339 3238 pecore
352 3163 465 3237 infirmo
483 3182 552 3238 quae
569 3164 636 3220 solet
651 3183 706 3221 esse
724 3165 805 3237 lupis,
824 3176 889 3235 171,
907 3181 922 3219 ι
938 3161 1033 3236 Deque
1049 3168 1094 3219 tua
1102 3163 1162 3238 fiet,
1178 3163 1240 3219 licet
1251 3162 1305 3218 hac

154 3245 195 3301 sis
211 3244 291 3301 laude
307 3244 448 3318 superbus,
463 3243 678 3303 Insatiabilibus
690 3254 802 3320 corpore
820 3246 894 3302 rixa
908 3245 989 3319 lupis
1033 3243 1098 3301 Iam
1112 3242 1240 3300 Platonis
1254 3243 1304 3318 qui

155 3324 300 3384 studiosus
321 3325 413 3396 fuerit,
434 3324 570 3401 idemque
592 3326 621 3383 in
642 3326 802 3401 periculum
822 3325 934 3383 uenerit
953 3343 971 3382 a
990 3341 1074 3382 muro
1095 3323 1304 3399 praecipitandi

155 3402 248 3483 (Dion
261 3404 295 3464 C.
312 3421 358 3480 55.
375 3403 434 3482 rr),
448 3407 567 3466 mirifice
581 3407 613 3464 in
626 3407 703 3466 hunc
718 3407 856 3466 conuenit
869 3406 987 3465 historIa
1001 3405 1049 3463 illa
1063 3405 1100 3464 de
1114 3403 1304 3464 Cleombroto

156 3504 224 3561 494,
239 3505 276 3545 ne
291 3487 360 3564 quid
374 3488 410 3546 de
425 3487 485 3546 aliis
500 3487 620 3546 dixerim
634 3489 684 3565 qui
697 3489 728 3546 in
742 3487 823 3547 Ibide
840 3506 877 3547 ex
897 3488 956 3546 alto
971 3487 1073 3546 deiecti
1088 3487 1229 3558 dicuntur,
1244 3504 1304 3562 quo

154 3568 352 3627 crudelissimo
367 3568 509 3645 supplicio
523 3569 594 3627 nihil
608 3571 701 3645 magis
716 3569 852 3628 Tiberius
866 3568 1065 3645 frequentauit.

195 3649 306 3708 Dixerit
327 3650 374 3709 hic
395 3650 496 3726 aliquis
506 3669 514 3722 3
536 3650 585 3708 Tu
604 3652 634 3708 in
649 3650 784 3710 Cassium
800 3651 940 3710 Seuerum
959 3649 1007 3708 uel
1023 3649 1060 3708 T.
1076 3648 1238 3708 Labienum
1257 3649 1304 3708 uel

155 3730 342 3806 Thrasyllum
363 3732 544 3807 astrologum
562 3732 609 3790 uel
628 3742 739 3791 certum
758 3732 884 3808 aliquem
903 3731 1063 3791 delatorem
1083 3750 1200 3790 carmen
1214 3730 1305 3789 Ibidis

154 3813 296 3887 scriptum
309 3813 472 3893 exIstimas;
494 3830 562 3871 uere
580 3823 612 3871 tu
629 3813 755 3888 quidem,
770 3832 840 3871 narn
858 3830 920 3871 non
938 3812 1032 3871 dubiis
1052 3813 1148 3871 uerbis
1167 3812 1198 3870 id
1216 3818 1305 3888 poeta

156 3893 336 3969 significauit,
351 3913 379 3953 u.
396 3907 411 3967 7
428 3893 531 3964 VnuS,
546 3901 572 3951 et
582 3896 632 3952 loc
651 3897 739 3968 ipsunt
758 3901 798 3951 est
815 3895 924 3951 ini'icria
940 3913 1053 3971 magna,
1064 3904 1210 3968 perennem
1227 3893 1304 3952 Can·

155 3975 231 4032 deris
244 3975 354 4031 titulum
368 3994 422 4032 nan
435 3976 506 4032 sinit
516 3994 571 4033 esse
584 3977 644 4047 mei,
660 3995 697 4050 93
713 3976 792 4035 Neue
805 3977 898 4033 rni'nns
912 3983 1024 4033 noceant
1027 3975 1128 4050 fictum
1141 3975 1305 4032 execrantia

155 4074 249 4113 nnnen
270 4056 345 4128 Vota,
360 4058 452 4114 nii‘nus
465 4075 579 4133 magnos
596 4063 809 4114 commoueantne
824 4059 892 4128 dees,
908 4055 995 4114 Illum
1012 4075 1058 4132 ego
1075 4057 1188 4113 dmoueo
1204 4073 1304 4131 quem

155 4155 249 4196 mens
266 4137 437 4215 intelligit,
451 4137 539 4195 Ibin:
565 4155 734 4215 nomenque
754 4149 866 4196 utnon
887 4138 977 4195 uerbo
998 4138 1125 4212 positum
1146 4137 1189 4208 sit,
1204 4138 1304 4194 animo

155 4229 232 4276 certe
246 4217 472 4295 concipiendum
486 4228 555 4289 erat,
570 4237 608 4277 ne
627 4220 657 4277 ui
676 4237 729 4278 sua
748 4227 858 4278 careret
875 4220 1029 4277 execratio.
1071 4218 1140 4276 Hoc
1161 4219 1240 4276 enim
1260 4218 1303 4274 in-

156 4301 254 4358 dicant
271 4300 397 4358 dirarum
416 4300 556 4358 formulae
575 4300 668 4376 qualis
683 4309 727 4360 est
744 4301 799 4359 ista
813 4300 847 4359 C.
863 4299 886 4357 I.
902 4300 935 4358 L.
951 4300 969 4357 i.
986 4303 1045 4357 820
1060 4298 1168 4358 Numen
1185 4300 1304 4356 delatum

156 4378 285 4439 Naeuiae
297 4380 335 4440 L.
344 4380 381 4440 L.
396 4380 537 4439 Secundae
556 4384 628 4439 scine
647 4400 678 4439 ea
699 4382 756 4440 alic
776 4383 884 4440 nomini
900 4387 946 4451 cst,
961 4381 1069 4440 indIcat
1086 4380 1130 4437 bis
1151 4379 1304 4454 repetitum

157 4479 267 4522 nomen
288 4463 326 4521 ib.
342 4465 400 4539 819
416 4462 533 4535 Danae,¹
546 4473 574 4522 et
594 4463 625 4521 in
644 4462 757 4523 Graeca
770 4462 963 4545 Inscriptione
981 4479 1027 4538 ap.
1042 4460 1208 4519 Kaibelium
1227 4459 1303 4533 1136
