3038 5010
239 393 296 449 112
637 389 985 452 COMMENTARIVS.

240 548 380 617 Quaeras
397 548 511 601 dearum
528 554 569 602 est
584 550 721 603 manium.
764 565 854 604 ossea
870 552 973 603 forma
990 546 1023 602 ‘a
1040 547 1168 603 skeleton
1181 548 1199 602 :'
1218 546 1300 603 ‘And
1317 550 1386 603 then

237 618 298 672 also
311 620 392 672 when
405 618 464 672 into
477 635 552 688 ayre,
562 636 610 687 my
622 619 690 673 selle
703 620 776 673 shall
788 620 889 674 turned
900 620 937 673 be
951 638 957 673 :
978 621 1029 687 My
1041 619 1178 687 lyvelesse
1188 619 1304 672 shadow
1313 621 1387 674 shall

237 689 304 741 with
318 689 391 756 hate,
404 705 507 756 pursue
520 689 568 743 the
580 699 676 758 gostes
689 689 722 743 of
729 691 803 744 thee.
833 691 915 744 Then
928 690 989 743 also
1001 689 1156 758 myndetull
1168 689 1201 742 of
1208 690 1259 757 thy
1272 689 1386 759 deedes‚

239 759 251 811 I
267 759 329 827 wyll
339 760 389 827 thy
398 759 545 813 shadowes
556 761 659 814 chase:
677 760 744 813 And
758 762 769 813 I
785 777 802 814 a
814 761 890 829 bony
899 761 988 814 forme
998 759 1096 828 wylbe,
1106 758 1172 812 with
1182 758 1248 813 thee
1260 759 1288 812 in
1302 776 1387 830 every

238 829 335 898 place'
348 831 381 883 T.
394 829 584 884 Vnderdown.
683 833 749 885 145.
768 834 851 894 quod
863 834 980 884 nollem
992 840 1022 883 ut
1036 831 1077 884 M.
1090 828 1147 883 xiii.
1160 829 1210 882 862
1224 830 1279 883 Ille
1291 835 1387 885 tamen

235 899 398 968 placeatque
418 901 474 953 sibi
489 900 650 969 placeatque
667 901 765 969 licebit,
786 901 871 971 Quod
887 901 997 968 nalum,
1018 900 1144 966 Galatea,
1162 900 1221 954 tibi.
1254 900 1339 956 Trist.
1358 901 1387 957 ii.

238 984 291 1037 239
302 970 346 1024 At
357 972 390 1038 si,
403 971 480 1040 quad
489 971 609 1038 mallem,
623 988 731 1024 uacuus
733 973 859 1039 sortasse
861 971 975 1041 fuisses.
1009 973 1049 1024 M.
1062 970 1108 1024 xii.
1120 983 1167 1038 541
1183 971 1260 1039 quad
1272 972 1387 1026 mallem

233 1043 315 1110 passe
327 1057 436 1109 negare.
468 1047 673 1105 consumptus
686 1045 725 1095 ab
738 1046 838 1096 annis.
869 1041 947 1094 Alias
961 1040 1118 1110 simplicem
1130 1040 1285 1095 ablatiuum
1297 1042 1387 1111 ponit,

237 1127 258 1164 c.
277 1117 384 1164 senecta
401 1112 462 1165 tabe
480 1128 544 1165 usu.
580 1111 821 1181 Praepositionem
834 1110 880 1165 hic
893 1110 1002 1165 addidit
1018 1121 1049 1165 ut
1065 1114 1208 1180 correptus
1219 1112 1254 1164 ab
1265 1113 1387 1181 ignibus,

240 1183 281 1236 M.
303 1181 359 1236 viii.
387 1194 444 1249 514,
470 1198 526 1251 quo
555 1181 758 1250 significantius
788 1181 925 1251 originem
953 1181 1027 1236 tabis
1051 1181 1227 1251 exprimeret,
1252 1192 1280 1236 et
1305 1181 1386 1252 quasi

238 1251 459 1320 praesentiorem
480 1251 539 1305 uim
561 1252 643 1306 annis
665 1252 806 1307 tribueret.
845 1255 956 1321 Driger
974 1251 991 1306 i.
1012 1269 1040 1320 p.
1062 1264 1121 1320 507.
1205 1255 1271 1306 146.
1289 1270 1388 1308 manu

237 1324 322 1376 faeta
334 1322 484 1392 opponitur
496 1323 628 1377 naturali
637 1324 694 1376 leto
707 1342 714 1388 ;
733 1340 789 1392 quo
801 1340 853 1377 usu
866 1321 979 1392 saepius
992 1321 1133 1376 inuenitur
1148 1321 1224 1392 apud
1238 1323 1384 1378 Senecam

238 1392 330 1462 Epist.
346 1408 389 1459 41.
407 1406 423 1460 3
444 1397 540 1462 specus
560 1410 616 1446 nan
638 1410 726 1446 manu
737 1395 837 1464 faetus
854 1394 905 1447 sed
919 1393 1099 1446 naturalibus
1115 1394 1208 1447 causes
1225 1400 1387 1448 exeauatus.

240 1463 317 1532 55.6
343 1464 490 1533 speluncae
516 1481 604 1516 manu
621 1464 727 1534 saetae.
767 1465 807 1532 58.
832 1479 865 1531 32
883 1465 974 1533 finem
999 1480 1054 1516 nau
1079 1465 1207 1533 apperiri
1227 1464 1278 1517 sed
1298 1481 1387 1519 manu

227 1535 332 1604 saeere.
361 1536 406 1587 De
422 1535 468 1587 Ira
481 1533 508 1588 ii.
522 1548 539 1601 9
552 1535 673 1587 uiolatus
682 1535 781 1604 fantes
793 1537 907 1588 uenenis
918 1540 946 1588 et
953 1535 1146 1604 pestilentiam
1165 1551 1253 1587 manu
1263 1535 1385 1604 saetam.

239 1606 284 1658 De
303 1604 402 1659 breuit.
420 1603 495 1658 uitae
514 1603 552 1658 iii.
570 1619 585 1656 2
604 1605 711 1657 merdas
729 1622 798 1675 quas
817 1622 905 1658 mauu
917 1605 1048 1674 ficimus.
1119 1607 1186 1658 148.
1203 1608 1300 1669 piscis
1316 1609 1387 1660 edet

237 1674 279 1728 sic
301 1674 336 1729 de
356 1673 502 1742 naufragio
521 1675 639 1743 loquens
659 1675 743 1729 Trist.
762 1675 779 1729 i.
799 1690 823 1730 2.
845 1675 877 1743 56
895 1675 937 1728 Et
954 1692 1011 1729 neu
1029 1677 1172 1745 aequoreis
1187 1676 1311 1744 pacilus
1331 1693 1388 1730 esse

237 1746 337 1798 cibum.
417 1747 484 1800 149.
502 1749 685 1810 peregrinae
696 1750 848 1800 uolueree.
887 1748 956 1800 Her.
968 1762 994 1800 x.
1010 1760 1067 1814 121,
1084 1760 1131 1812 123
1144 1746 1274 1814 Spiritus
1285 1746 1389 1816 infelix

233 1816 1389 1956 trinitati{trini..itatiztittitittt'tittlatini

238 1974 353 2022 eorpus
365 1961 468 2021 inane,
482 1954 542 2010 sine
555 1956 614 2010 uita
626 1966 653 2010 et
673 1956 771 2025 spiritu
784 1959 848 2011 Am.
862 1957 900 2011 iii.
913 1972 938 2025 9.
951 1956 976 2024 6,
990 1958 1073 2025 Prop.
1087 1955 1124 2011 iii.
1140 1954 1198 2024 (iv.)
1216 1957 1255 2010 18.
1269 1971 1311 2025 32,
1326 1957 1386 2012 Cic.

238 2028 274 2082 de
301 2030 366 2096 Leg.
390 2027 417 2080 ii.
444 2027 473 2080 18
498 2027 567 2079 ebur
589 2043 626 2079 eu
647 2028 732 2080 inani
753 2032 866 2097 carpere
889 2032 1046 2081 extractum
1077 2026 1386 2094 (Saluagn.)=dno)1e-

237 2100 359 2153 λοιπότος
370 2099 460 2166 ψυχὴν
473 2099 593 2165 σώματος
606 2098 676 2152 Plat.
692 2099 758 2166 Leg.
771 2098 824 2166 956
835 2099 870 2152 Α.
974 2100 1039 2153 153.
1058 2099 1219 2160 Quidquid
1231 2113 1292 2165 ero,
1306 2098 1386 2168 quid·

238 2168 306 2238 quid
322 2168 358 2222 de
376 2185 422 2221 me
440 2168 488 2221 fiet
507 2177 536 2220 ut
556 2169 638 2236 Prop.
658 2167 675 2222 i.
696 2183 734 2236 19.
754 2183 781 2221 11
802 2169 869 2222 Illic
885 2169 1027 2238 quidquid
1040 2185 1095 2235 ere,
1113 2171 1223 2236 semper
1237 2173 1289 2221 tua
1307 2170 1390 2222 dicar

237 2241 339 2309 imago.
363 2237 380 2292 i.
398 2252 436 2292 11.
450 2238 484 2291 26
499 2238 648 2307 Quidquid
655 2255 709 2306 era,
722 2240 813 2292 dicam
828 2239 949 2308 Cynthia
961 2239 1116 2308 causasuit
1126 2237 1240 2306 (Sala).
1273 2240 1307 2292 G.
1320 2239 1337 2293 i.
1351 2239 1387 2308 36

240 2308 389 2379 Quidquid
405 2310 470 2362 eres.
505 2310 569 2362 Am.
589 2307 626 2362 iii.
649 2324 688 2362 11.
701 2323 743 2377 49.
782 2311 807 2363 G
827 2319 855 2363 et
870 2311 926 2363 Vat
947 2309 1054 2363 habent
1077 2308 1226 2376 Quidquid
1242 2311 1299 2362 erit
1318 2308 1347 2363 h.
1361 2326 1386 2365 e.

238 2380 436 2449 quodcumque
460 2378 579 2447 eueniet,
601 2387 631 2432 ut
649 2380 720 2434 Aen.
739 2399 765 2434 v.
784 2393 837 2445 710
860 2380 1009 2448 Quidquid
1027 2381 1090 2447 erit,
1114 2382 1230 2448 superat
1251 2381 1387 2448 quautam

228 2451 362 2520 fortuna,
381 2465 540 2518 sequamur.
612 2455 685 2503 anto
706 2466 742 2504 oe
763 2454 929 2515 oculosque
952 2451 1013 2504 Cat.
1033 2449 1067 2503 ix.
1087 2463 1122 2516 93
1152 2448 1273 2517 primum
1294 2459 1386 2504 totum

238 2538 278 2588 os,
304 2520 407 2575 deinde
431 2529 541 2588 partem
565 2536 621 2588 qua
651 2521 780 2590 cernitur,
805 2521 882 2575 dicit.
989 2523 1055 2575 159.
1072 2522 1213 2573 Verbera
1236 2536 1332 2574 saeua
1355 2530 1386 2576 ut

237 2594 302 2646 Am.
321 2591 337 2645 i.
356 2591 423 2657 7.6,
444 2604 483 2657 13.
506 2591 557 2654 18;
585 2589 724 2658 significat
744 2591 881 2660 impetum
903 2607 959 2660 quo
981 2591 1099 2644 uerbera
1124 2589 1331 2645 incutiebantur
1354 2600 1386 2646 ut

239 2663 306 2716 Luc.
328 2660 374 2715 vii.
398 2661 456 2728 569.
501 2677 661 2724 nexaeque
682 2665 819 2716 colubris
838 2664 929 2729 feces,
954 2678 1028 2714 noue
1052 2660 1164 2714 uidetur
1187 2660 1385 2729 excogitatum.

237 2735 303 2786 160.
324 2735 458 2786 Ooneoia
471 2730 589 2799 ‘guilty.’
616 2735 656 2785 ad
668 2732 799 2785 admotas
809 2731 846 2785 ad
856 2734 964 2786 uultum
976 2731 1115 2800 significat
1128 2732 1212 2785 faces.
1247 2730 1385 2786 Vsitatius

237 2803 443 2856 fuissetobara
454 2802 526 2855 Aen.
539 2800 583 2854 xii.
598 2802 657 2868 863.
694 2805 785 2856 facee.
822 2801 938 2856 Axioch.
953 2814 1003 2871 372
1011 2798 1095 2855 Ἔνθα
1109 2800 1148 2870 (in
1162 2801 1292 2870 Tartaro)
1307 2801 1386 2868 θηρσὶ

236 2875 452 2944 περιλιχμώμεναι
462 2873 502 2924 καὶ
511 2872 644 2938 λαμπάσιν
653 2873 779 2942 ε’πιμόνως
786 2871 941 2940 συροῦμενοι
950 2877 1051 2925 Ποινῶν
1058 2873 1098 2924 καὶ
1107 2873 1195 2925 πᾶσαν
1201 2871 1284 2925 αἰκίαν
1293 2871 1386 2936 ἇικιζό-

236 2965 307 3011 μενοι
320 2943 409 2997 ἀϊδίοις
420 2942 552 3010 τιμωρίαις
563 2941 708 3010 τρίχονται.
791 2947 853 2998 161.
871 2945 964 2998 furiis
980 2946 1139 3008 agitabere
1152 2943 1236 2996 Rosc.
1249 2944 1313 2996 Am.
1325 2943 1339 3009 ᾗ
1350 2943 1386 2996 66

236 3014 273 3068 de
286 3011 440 3068 matricidis
459 3013 597 3066 Videtisne
615 3020 648 3067 ut
665 3031 709 3067 eas
726 3015 835 3084 agitent
846 3015 960 3067 Furiae.
987 3013 1050 3080 §67
1064 3013 1174 3082 agitari
1189 3018 1218 3066 et
1229 3014 1390 3082 perterreri

236 3087 396 3139 Furiarum
411 3083 499 3137 taedis
513 3084 682 3139 ardentibus.
766 3087 830 3139 162.
848 3088 976 3138 bremon
993 3099 1094 3150 poena
1112 3099 1197 3164 quam
1216 3092 1246 3136 ut
1265 3082 1385 3138 sufficiat

237 3155 274 3208 ad
292 3171 422 3224 poenam.
528 3156 593 3208 164.
613 3158 850 3219 Indeploratum
868 3161 969 3219 eaput.
1012 3153 1096 3208 Trist.
1109 3153 1146 3207 iri.
1161 3167 1184 3220 3.
1198 3165 1232 3221 45
1252 3153 1312 3207 Sed
1325 3155 1386 3206 siue

227 3226 384 3296 funeribus
401 3228 488 3293 eaput
504 3223 561 3290 noe,
580 3227 640 3278 siue
657 3226 760 3278 lauare
777 3225 906 3295 sepulcri,
925 3225 1138 3295 Indeploratum
1163 3224 1283 3277 barbara
1307 3229 1385 3277 terra

236 3298 331 3366 teget?
427 3298 493 3348 165.
511 3297 647 3350 traheris
665 3311 746 3364 unco,
765 3295 840 3350 unde
857 3294 1071 3351 ltamatralmues
1089 3296 1141 3365 qui
1157 3310 1228 3348 unco
1246 3294 1386 3347 cadauera

237 3366 359 3421 tranunt
372 3367 474 3419 Paulus
488 3365 565 3418 Festi
579 3384 604 3435 p.
623 3381 670 3418 102
682 3368 724 3419 M.
739 3365 847 3434 (Sala).
921 3369 985 3420 166.
1004 3381 1112 3420 unaue
1128 3366 1254 3433 Corpora
1267 3364 1384 3418 damna-

236 3447 329 3491 torum
347 3446 498 3505 postquam
516 3435 544 3488 in
558 3454 669 3491 carcere
683 3437 739 3490 leto
755 3436 848 3491 affecti
860 3437 980 3503 fuerant,
992 3452 1065 3490 unco
1077 3452 1128 3505 per
1140 3444 1266 3489 mentum
1284 3434 1385 3488 suffixo

236 3508 274 3562 ad
288 3506 442 3562 Gemonias
456 3505 645 3578 trahebantur.
685 3506 761 3560 Dion
776 3508 807 3561 C.
820 3508 855 3562 lx.
871 3524 884 3571 3
889 3520 902 3575 5
915 3507 981 3561 Τοὺς
992 3507 1021 3559 ἐν
1033 3509 1068 3577 τῷ
1082 3505 1247 3594 δεσμωτηρίῳ
1260 3504 1384 3558 θανατου-

235 3578 326 3647 μένους
338 3577 486 3648 ἀγκίστροις
504 3598 558 3631 τισι
575 3578 699 3648 μεγάλοις
717 3577 741 3629 σί
759 3575 845 3646 δήμιοι
862 3578 889 3632 ἔς
906 3598 934 3631 τε
952 3577 997 3644 τὴν
1013 3576 1111 3646 ἀγορὰν
1122 3577 1239 3628 ανείλκον
1250 3575 1386 3629 κάντεῦθεν

236 3649 263 3703 ἐς
287 3649 331 3702 τὸν
354 3646 469 3713 ποταμὸν
491 3645 594 3718 ἔσυρον.
631 3647 704 3701 Vide
726 3664 798 3717 quae
820 3646 962 3715 congessit
988 3649 1090 3715 Mayor
1113 3646 1151 3700 ad
1177 3647 1273 3699 luuen.
1295 3663 1319 3698 ru
1340 3645 1384 3700 66.

237 3722 302 3779 167,
321 3720 387 3771 168.
417 3717 567 3786 Sepultura
588 3718 697 3772 carebis
724 3735 778 3772 nec
810 3717 838 3771 in
863 3735 931 3786 rogo
953 3718 1119 3786 absumptus
1141 3715 1245 3770 necin
1275 3716 1384 3769 tumulo

237 3789 393 3858 quiescens.
448 3789 510 3843 16¹1.
525 3794 658 3853 carpunt
668 3797 844 3842 consumunt.
870 3791 1024 3842 flammae.
1050 3788 1114 3841 Am.
1124 3785 1162 3841 iii.
1173 3801 1196 3854 9.
1207 3800 1240 3851 41
1245 3785 1385 3855 flammae

236 3860 352 3929 regales.
438 3860 502 3910 168.
521 3863 666 3923 Respuet.
706 3859 953 3928 Quemadmodum
965 3856 1182 3912 Atheniensium
1194 3858 1256 3925 lege
1269 3865 1384 3910 cautum

237 3939 281 3983 est
302 3946 338 3982 ne
360 3927 389 3980 in
410 3926 512 3980 Attica
530 3929 713 3997 sepelirentur
736 3929 894 3998 proditores
915 3930 961 3982 uel
982 3927 1120 3996 sacrilegi,
1138 3928 1294 3996 horumque
1314 3943 1384 3979 non-

237 4015 392 4069 numquam
411 3997 498 4050 etiam
516 4016 582 4054 ossa
599 3998 812 4068 effodiebantur,
838 3999 878 4053 sic
897 4009 925 4054 te
943 4016 1001 4053 non
1019 3998 1111 4067 patria
1128 3999 1227 4063 solum,
1253 3997 1304 4051 sed
1322 3997 1383 4050 ubi-

237 4086 357 4139 cumque
379 4068 485 4121 iacebis
506 4071 588 4124 tellus
609 4068 699 4137 eiciet,
722 4069 786 4123 iusti
809 4069 955 4139 sanctique
976 4069 1149 4123 uiolatorem.
1187 4067 1261 4120 Vide
1283 4068 1384 4122 Herm.

239 4142 337 4207 Hager
346 4138 461 4208 Journal
475 4139 507 4191 oi
517 4139 731 4208 Philologypiii.
745 4156 791 4192 1-1
796 4155 819 4208 3.
873 4143 997 4195 humun
1010 4138 1188 4193 Contrarium
1201 4147 1243 4192 est
1257 4137 1334 4206 quod
1347 4138 1385 4193 de

238 4209 338 4263 Publio
353 4207 483 4263 Cornelio
497 4211 629 4279 Scipione
641 4211 727 4264 habet
742 4210 891 4280 Inscriptio
905 4212 976 4264 CIL.
992 4226 1012 4265 1.
1027 4225 1060 4277 33
1074 4221 1154 4272 QVA.
1169 4221 1210 4261 RE
1223 4249 1230 4262 .
1243 4219 1383 4263 LVBENS.

235 4293 295 4335 ΤΕ.
311 4293 344 4334 111
360 4291 483 4334 (1111111111
501 4293 601 4335 sel1³10
620 4293 764 4335 RE01P1T.
778 4293 902 4335 TERRA.
917 4293 1006 4334 Pvssls
1025 4290 1384 4334 PROGNATVM.1>V131.10.

237 4363 385 4406 CORNELI.
451 4353 514 4405 169.
534 4354 645 4405 tardus
658 4351 705 4432 qui
717 4355 878 4417 unguibus
891 4357 923 4406 et
934 4357 1037 4405 rostro
1049 4349 1129 4404 tarde
1142 4348 1251 4403 scindet
1264 4347 1384 4418 uiscera,

236 4433 264 4477 et
278 4421 358 4492 quasi
372 4421 540 4476 scrutabitur
550 4423 642 4489 (Lucr.
651 4421 687 4476 ii1.
699 4423 762 4490 985)
776 4439 810 4476 ac
822 4422 969 4476 rimabitur
982 4422 1062 4490 (Aen.
1073 4419 1107 4473 vi.
1122 4419 1182 4488 599)
1194 4417 1247 4499 sub
1258 4429 1383 4499 pectore.
1424 4435 1426 4439 ·

237 4495 315 4549 Male
337 4493 412 4548 Salu.
434 4492 469 4548 de
490 4493 572 4549 tardo
593 4494 689 4548 uolatu
710 4493 827 4549 uulturis
851 4491 986 4550 intellexit
1007 4508 1041 4548 ex
1064 4489 1130 4566 isid.
1151 4491 1227 4557 Ong.
1250 4501 1383 4556 x11.7.12
