3038 5010
219 411 275 465 100
701 403 880 465 SCHOLIA

261 579 328 639 599.
350 562 595 639 Diripiantque
614 572 700 622 tuos.
743 562 863 621 Dixerat
881 560 1011 637 superius
1026 559 1062 618 de
1077 566 1169 618 morte
1182 556 1302 634 Orphei,
1317 556 1364 614 hic

218 656 317 704 autem
332 644 368 703 de
383 662 489 720 genere
504 645 614 716 mortis,
630 662 717 720 quem
732 645 858 702 mulieres
873 643 1092 718 discerpserunt.
1137 639 1173 699 G.

261 725 397 802 Orpheus
410 725 513 800 Oeagri
528 736 556 784 et
567 725 712 801 Calliopes
726 725 800 783 lilius
814 725 975 783 castitatem
985 722 1157 798 praedicans
1169 722 1199 779 in
1210 719 1366 784 †Caucaso

219 817 328 878 monte,
351 825 369 865 a
393 807 560 864 mulieribus
587 807 661 866 illius
685 807 743 866 loci
767 805 943 876 interfectus,
968 805 1140 863 dilaceratus
1163 803 1225 863 fuit.
1277 799 1367 860 Ouid.

219 888 310 947 Meta.
356 886 390 947 C.

261 968 396 1044 Orpheus
415 967 468 1027 fuit
487 968 606 1045 quidam
626 969 743 1043 sapiens
762 969 821 1045 qui,
837 978 993 1045 postquam
1008 984 1130 1025 uxorem
1146 964 1279 1042 perdidit,
1295 962 1366 1020 nulli

218 1047 310 1109 uoluit
331 1051 495 1109 adhaerere.
537 1050 615 1108 unde
638 1049 811 1109 Strimoniae
832 1049 966 1108 mulieres
987 1049 1083 1126 ipsum
1105 1047 1280 1118 ceciderunt,
1298 1044 1367 1120 quia

219 1131 353 1209 pulcrum
366 1132 512 1191 uidebant.
553 1132 592 1190 P.

262 1214 329 1270 601.
352 1212 462 1271 Natus
477 1222 512 1271 ut
526 1212 685 1271 Altheae.
726 1212 772 1270 De
855 1211 1005 1287 Meleager
1016 1209 1137 1268 Altheae
1149 1217 1177 1267 et
1191 1207 1279 1267 Oenei
1289 1208 1368 1282 regis

220 1293 372 1370 Meleagro
383 1304 412 1353 et
424 1293 528 1352 Altdea
542 1304 632 1352 matre
643 1295 710 1352 eries.
736 1291 773 1352 G.
816 1293 986 1353 Calidoniae
1002 1292 1077 1351 filius
1093 1289 1171 1349 fatali
1193 1290 1288 1366 stipite
1306 1290 1368 1364 igni

816 1386 937 1433 amatre
952 1374 1088 1450 imposito
1103 1372 1218 1430 occisus
1233 1379 1285 1441 est,
1300 1371 1370 1446 quia

816 1455 915 1514 fratres
937 1474 1005 1514 suae
1027 1455 1126 1512 matris
1146 1453 1314 1528 Toxippum
1339 1459 1369 1510 et

816 1537 993 1614 Plexippum
1038 1535 1229 1594 interiecerat.
1300 1532 1369 1593 Oui.

817 1618 907 1678 Meta.
952 1617 986 1677 C.

264 1702 332 1774 603.
375 1698 421 1757 Vt
462 1717 552 1758 noua
593 1699 772 1759 Phasiaca.
856 1699 953 1770 Iason,
966 1699 1063 1758 relicta
1074 1697 1189 1764 Medea,
1200 1693 1370 1772 superduxit

222 1780 339 1851 Medea,
364 1780 463 1839 relicta
485 1799 503 1840 a
524 1781 633 1840 Iasone
657 1791 776 1858 propter
817 1780 956 1852 Glaucen,
975 1798 1050 1857 quae
1064 1798 1082 1838 a
1098 1778 1272 1856 quibusdam
1290 1775 1369 1834 dice-

223 1862 366 1921 Creusam
396 1861 484 1920 filiam
512 1861 649 1936 Creontis,
682 1862 776 1938 ipsam
816 1864 900 1921 batur
914 1862 1032 1932 Creusa,
1047 1861 1148 1936 magni
1166 1859 1243 1934 regis
1258 1857 1369 1916 Creon·
1414 1908 1418 1917 .

223 1963 291 2002 cum
323 1952 404 2018 patre
432 1961 487 2001 suo
518 1954 547 2003 et
576 1954 638 2002 tota
668 1942 776 2002 familia
816 1945 852 2002 tis
863 1944 929 2015 filia,
939 1943 1016 2002 unde
1027 1942 1136 2001 Medea
1146 1942 1216 1999 irata
1228 1956 1370 1997 coronam

223 2024 392 2084 combussit.
438 2022 474 2082 G.
819 2020 1034 2104 [in]toxicatam
1056 2022 1184 2082 Glaucae
1204 2021 1289 2091 misit,
1312 2038 1372 2096 qua

265 2123 407 2164 corona.
450 2104 549 2176 Quam
570 2104 678 2164 Medea
700 2105 778 2164 misit
818 2107 919 2165 induta
931 2105 1042 2164 Glauce
1057 2114 1086 2162 et
1100 2103 1197 2163 Creon
1212 2112 1294 2178 pater
1307 2101 1372 2159 eius

224 2186 270 2260 ei;
292 2204 383 2260 aqua
398 2187 550 2244 combusta
564 2197 616 2246 est.
659 2186 696 2245 G.
820 2198 849 2247 et
868 2197 928 2246 tota
950 2187 1054 2245 domus
1076 2186 1230 2244 combusta
1251 2193 1303 2255 est,
1326 2179 1373 2261 [ut

819 2265 871 2347 ait]
887 2267 1018 2328 Ouidius.
1063 2266 1090 2326 C
1102 2274 1129 2325 et
1140 2266 1209 2324 Ask.

268 2349 337 2420 605.
367 2346 411 2405 Vt
443 2363 544 2405 cruor
572 2347 776 2407 Herculeos.
820 2350 826 2361 “
860 2349 980 2421 Nessus,
999 2366 1154 2425 percussus
1173 2346 1277 2421 sagitta
1293 2344 1373 2403 Her-

226 2429 338 2487 Notum
361 2438 405 2486 est
427 2428 548 2504 qualiter
571 2429 713 2488 Hercules
736 2430 777 2487 in·
819 2432 899 2502 culis,
918 2432 1068 2489 inuentam
1085 2429 1235 2489 camisiam
1255 2443 1375 2485 ueneno

225 2510 318 2569 terula
331 2509 420 2568 missa
434 2511 578 2569 interierit.
625 2509 662 2569 G.
821 2513 944 2588 sagittae
955 2512 1107 2569 intinctam
1117 2509 1272 2568 Deianirae
1284 2525 1374 2584 quam

820 2603 954 2668 rapuerat
968 2592 1053 2663 dedit,
1069 2593 1169 2651 dicens
1183 2591 1264 2666 quod
1282 2591 1374 2647 irrita-

821 2685 953 2732 mentum
976 2675 1083 2733 amoris
1106 2674 1132 2732 ei
1157 2673 1278 2731 camisia
1300 2670 1373 2729 erit:

823 2774 913 2832 quam
933 2756 997 2832 ipsa
1017 2756 1094 2813 misit
1111 2752 1232 2812 Herculi
1252 2771 1305 2829 per
1323 2751 1373 2809 Li-

823 2855 888 2895 cam
917 2838 985 2912 quia
1013 2837 1075 2912 ipse
1104 2836 1250 2894 dimiserat
1280 2835 1376 2910 ipsam

822 2936 877 2993 pro
892 2919 961 2989 Iole,
977 2928 1008 2976 ut
1024 2918 1051 2976 d.
1068 2916 1199 2975 Ouidius.
1245 2915 1279 2975 C.

270 3000 338 3072 607.
361 2995 436 3070 Qua
458 3016 519 3056 sua
536 2997 773 3056 Penthaliden.
815 2999 958 3076 Licurgus
972 3000 1046 3057 lilius
1062 2998 1186 3058 Penthili
1200 2998 1238 3055 ab
1252 2996 1377 3055 inimicis

265 3179 326 3227 599.
344 3162 505 3216 meretrices
519 3164 543 3216 G
613 3163 702 3228 oragri
715 3168 744 3215 et
756 3162 900 3231 caliopisC
971 3165 1034 3218 Met.
1046 3166 1098 3217 XI.
1115 3165 1191 3227 1-67.

266 3237 327 3285 601.
346 3232 457 3285 alteaG
543 3230 606 3302 eius]
626 3235 717 3286 suaG
800 3234 912 3288 alteeC
1000 3235 1117 3288 eonisC
1203 3234 1330 3301 toxipum
1348 3237 1378 3285 et

229 3303 389 3370 sexipumG
435 3305 557 3372 Toxippus
575 3307 598 3356 is
615 3314 652 3357 est
670 3305 713 3372 qui
730 3306 823 3358 ‘oneus
840 3305 934 3360 dicitur
948 3306 1011 3359 Met.
1032 3307 1105 3358 VIII.
1121 3323 1182 3370 441,
1199 3306 1274 3358 Lacr.
1290 3305 1376 3356 Narr.

230 3374 295 3426 Fub.
313 3375 385 3426 VIII.
401 3392 425 3438 4,
439 3373 512 3426 Bodii
524 3376 656 3443 Mythogr.
670 3377 692 3426 I.
708 3392 768 3440 204.
803 3377 939 3446 Plexippus
954 3378 1020 3429 inter
1027 3376 1099 3443 filios
1112 3378 1204 3429 ‘Thestii
1220 3385 1378 3429 memoratur

229 3445 263 3498 ab
276 3445 392 3513 Apollod.
406 3447 429 3497 I.
447 3458 471 3505 7.
488 3461 528 3509 10,
544 3445 628 3497 'Schod
642 3445 674 3497 Il.
688 3446 740 3499 IX.
759 3447 820 3511 563,
833 3447 898 3514 Hyg.
914 3462 972 3510 173,
986 3447 1059 3499 Luat.
1077 3447 1113 3498 N.
1126 3448 1156 3499 F.
1175 3449 1247 3499 VIII.
1266 3465 1290 3513 4,
1303 3446 1379 3498 Rodii

229 3516 314 3580 Myro.
329 3517 350 3566 Ι.
366 3532 425 3579 004,
439 3514 529 3566 Ouidio
541 3516 604 3568 Met.
620 3517 692 3568 VIII.
706 3534 766 3581 440.
839 3516 941 3571 metha.
954 3518 976 3570 C
1012 3517 1084 3570 VIII.
1098 3534 1159 3581 445.

267 3587 326 3650 603.
346 3585 504 3637 creuntisG
612 3585 658 3653 qui
666 3589 833 3654 proquaeC
938 3586 1091 3656 dicebatur]
1106 3588 1246 3640 nomInata
1257 3591 1299 3638 est
1311 3586 1379 3638 Ask.

230 3657 411 3720 magnietiam
424 3656 490 3707 Ask.
526 3656 590 3707 Hor.
603 3656 683 3724 Epod.
698 3659 726 3709 V.
740 3659 782 3721 64.
897 3658 1046 3711 CreoutIG
1149 3658 1299 3711 toxicatam
1310 3659 1378 3709 Ask.

229 3725 370 3792 glauceiG
440 3734 470 3777 ut
483 3725 521 3776 ait
535 3746 583 3778 om.
596 3727 661 3779 Ask.
734 3728 847 3781 Ouidius
860 3729 899 3782 M.
914 3728 972 3781 VII.
987 3745 1046 3796 394,
1060 3745 1084 3792 5.

267 3797 327 3859 605.
347 3794 526 3848 camiseamG
596 3797 747 3851 camiseaG
816 3799 856 3851 M.
870 3800 920 3852 IX.
937 3817 983 3851 101
998 3819 1050 3868 sqq.

267 3867 328 3928 607.
346 3867 447 3918 Scholia
467 3866 489 3918 C
503 3876 529 3917 et
546 3867 611 3921 Ask.
625 3877 654 3920 ut
671 3878 756 3936 aperte
773 3880 894 3939 corrupta
913 3890 944 3923 oc
961 3873 1065 3936 eonfiesu
1081 3872 1128 3922 huc
1146 3869 1259 3938 releguui
1275 3867 1382 3920 Bachus

231 3935 381 4001 Ligurgum
394 3935 478 3987 filiurn
497 3935 612 3988 Penthei
625 3936 690 3989 dum
708 3944 863 4006 amputaret
877 3940 953 4009 (imp.
967 3937 1048 4008 Gbis)
1062 3941 1155 3992 uineas
1167 3939 1217 3991 sibi
1234 3940 1283 4007 ipsi
1295 3938 1381 3992 foecit

232 4006 372 4059 abscidere
394 4021 463 4066 crus,
485 4023 641 4075 quanquam
660 4015 732 4061 esset
754 4009 789 4061 de
813 4010 890 4077 prole
915 4011 995 4078 ipsius
1017 4011 1136 4076 Ligurgi,
1157 4017 1189 4063 ut
1210 4010 1237 4062 d.
1257 4010 1381 4062 Ouidius.

231 4077 277 4129 uel
298 4076 349 4128 alia
369 4081 412 4128 est
431 4075 521 4130 fabula
541 4077 576 4129 de
594 4094 673 4131 sumo
692 4079 787 4148 (Simia
805 4078 882 4148 Ask.)
901 4080 957 4133 filio
975 4081 1086 4148 Ligurgi
1104 4082 1151 4149 qui
1170 4082 1197 4133 in
1215 4080 1324 4133 ulcione
1341 4081 1382 4132 sui

231 4148 316 4215 patris
333 4145 489 4199 interfoecit
505 4147 584 4200 bachi
600 4148 764 4204 sacerdotes.
800 4152 877 4205 Mure
893 4153 967 4205 habet
983 4152 1116 4217 Ligurgus
1131 4152 1214 4204 etiam
1232 4151 1301 4204 alter
1313 4150 1383 4203 filius

232 4217 372 4272 cuiusdam
385 4217 495 4284 penthei
508 4234 523 4270 a
535 4218 589 4271 lilia
600 4235 649 4272 sua
661 4236 743 4287 quarn
757 4227 882 4289 stuprare
897 4221 983 4274 uoluit
1000 4227 1041 4274 est
1060 4222 1165 4274 occisus
1177 4223 1242 4290 quod
1252 4242 1284 4275 ex
1297 4222 1384 4275 Ouidii

233 4289 316 4343 uerbis
329 4289 465 4354 conflatum
480 4290 585 4343 uidetur.
623 4289 777 4360 Saluognius
795 4292 856 4344 haec
870 4293 946 4346 edidit
963 4293 1048 4345 Butes
1061 4293 1180 4360 Lycurgi
1198 4292 1267 4344 filius
1282 4291 1383 4345 Bacchi

232 4359 389 4411 sacerdotes
411 4358 438 4409 in
459 4359 592 4413 ultionem
613 4361 696 4428 patris
717 4361 797 4414 uariis
817 4362 908 4414 affecit
931 4363 1076 4430 suppliciis.
1113 4362 1296 4416 Pentheidem
1314 4362 1383 4416 dicit

233 4429 297 4497 quia
310 4429 450 4481 Pentheus
468 4429 551 4483 filium
568 4430 661 4484 habuit
680 4431 835 4499 Dryantem
849 4433 967 4501 Lycurgi
980 4440 1096 4500 patrem.
1133 4435 1204 4503 Quae
1216 4435 1383 4486 Burmannus

233 4502 272 4554 ad
281 4500 358 4554 Diod.
373 4500 401 4552 V.
416 4517 449 4564 50
461 4504 580 4570 respicere
590 4504 757 4570 existimauit,
771 4522 828 4557 uere
843 4502 886 4556 ille
903 4505 1010 4571 quidem,
1023 4507 1073 4558 nisi
1083 4504 1178 4571 fallor,
1191 4507 1236 4557 sed
1245 4505 1311 4557 nihil
1322 4505 1383 4557 haec
