3038 5010
216 399 303 458 xxviii
630 394 955 457 PROLEGOMENA.

217 558 367 626 Σωσίκλεια,
389 553 426 612 cl.
448 553 529 629 quod
549 553 589 611 ibi
610 552 761 612 Kaibelius
784 551 875 610 attulit
896 569 932 609 ex
955 548 1101 609 Henzeno
1124 551 1177 611 Cn.
1195 549 1365 611 Numidiam

216 636 414 711 astragalum,
437 636 515 692 z'lle‘as
539 637 625 692 uitam
650 635 832 691 ualetudinem
857 635 995 707 quaestum
1018 634 1157 706 aprumque
1180 636 1226 690 ali
1250 634 1370 690 tabescat

218 717 335 787 morbus,
350 719 399 774 hoc
415 715 448 776 C.
464 714 583 775 Sextz'us
600 715 765 773 Tabsimado
784 733 859 790 rago.
901 713 1007 789 Neque
1024 713 1103 771 aliter
1123 716 1152 771 in
1167 714 1244 773 Diris
1258 714 1366 773 Valerii

219 796 339 856 Catonis
354 798 414 856 siue
431 797 603 873 cuicumque
622 797 669 855 alii
687 795 884 870 adsignantur,
899 793 1024 871 Lycurgi
1044 812 1154 852 nomen
1168 795 1298 853 additum
1313 805 1365 854 est.

218 878 325 955 Neque
345 878 512 937 incredibile
534 888 578 936 est
599 895 710 936 nomen
724 876 823 946 Ibidis,
839 876 972 951 quamuis
993 894 1072 934 nunc
1093 876 1186 948 lateat,
1201 879 1300 951 posz'tis
1310 886 1367 951 pro

218 963 326 1018 nemeae
346 961 436 1034 regm's
460 960 557 1034 aliqua
580 958 776 1033 significatum
800 956 888 1015 fuisse
909 956 1009 1036 (Trist.
1031 957 1049 1015 i.
1072 975 1098 1032 5.
1124 955 1164 1034 7).
1208 958 1246 1015 Et
1267 966 1366 1016 tamen

218 1051 263 1100 est
277 1041 326 1099 ubi
338 1040 460 1099 Ouidius
476 1039 512 1098 de
527 1040 645 1098 inimico
657 1057 711 1097 suo
722 1049 874 1114 tamquam
884 1038 1029 1096 haesitans
1043 1047 1072 1096 et
1086 1038 1213 1097 incertus
1223 1039 1365 1114 loquatur,

218 1140 243 1180 e.
253 1140 282 1197 g.
299 1141 315 1196 9
331 1121 497 1197 Quisquis
512 1123 537 1178 is
550 1128 596 1186 est,
611 1139 676 1178 nane
690 1139 784 1178 nomen
798 1119 888 1177 adhuc
902 1126 1041 1194 aramque
1055 1119 1150 1191 tacebo,
1166 1120 1253 1178 Trist.
1269 1120 1306 1177 iii.
1320 1139 1365 1177 ιι.

137 1238 141 1244 -
220 1206 257 1277 56
273 1204 326 1260 Ad
342 1209 373 1272 le,
395 1204 519 1278 quisquis
541 1205 566 1259 e's
585 1221 621 1272 er,
635 1208 731 1259 nostra
752 1201 874 1276 querella
894 1202 974 1258 redit.
1016 1200 1051 1258 Id
1072 1219 1129 1275 ego
1151 1201 1257 1276 duplici
1278 1218 1366 1259 causa

218 1283 328 1343 factum
346 1283 475 1342 arbitror.
517 1282 577 1341 Aut
594 1284 673 1341 enim
690 1301 782 1340 unum
800 1282 864 1357 ipse
883 1281 1029 1351 intellexit,
1045 1281 1106 1340 aliis
1121 1282 1193 1340 alios
1212 1282 1304 1341 uoluit
1323 1282 1366 1339 in-

218 1365 315 1441 telligi,
337 1383 396 1440 quo
421 1365 508 1423 tutior
528 1373 605 1423 esset
628 1383 724 1440 neque
749 1364 829 1421 omni
854 1381 907 1440 spe
931 1380 1079 1439 regressus
1102 1365 1280 1439 priuaretur;
1317 1371 1366 1421 aut

218 1465 320 1505 reuera
343 1446 379 1503 de
401 1446 521 1504 homine
545 1445 693 1514 dubitauit,
714 1445 767 1503 etsi
789 1444 960 1519 plerumque
984 1453 1095 1502 certum
1120 1444 1246 1521 aliquem
1267 1445 1366 1503 animo

218 1528 393 1600 imaginatus
414 1536 465 1586 est.
508 1526 590 1585 Prius
611 1536 643 1585 ut
663 1527 790 1596 credam,
808 1525 917 1584 faciunt
937 1542 1013 1601 quae
1035 1525 1072 1583 de
1093 1543 1180 1584 causa
1200 1526 1282 1584 exilii·
1297 1526 1366 1584 dicit

218 1609 249 1668 in
268 1608 413 1667 Tristibus
434 1618 463 1666 et
476 1607 615 1683 Epistulis
636 1626 672 1666 ex
690 1605 813 1668 Ponto*
857 1605 901 1664 Ea
922 1624 1122 1682 quaecumque
1143 1606 1203 1678 fuit,
1226 1604 1366 1684 (errorem

219 1691 283 1766 ipse
298 1689 365 1748 dicit
380 1688 466 1747 Trist.
482 1689 509 1747 ii.
523 1707 590 1764 207,
602 1690 637 1747 iv.
649 1708 677 1762 4.
690 1702 737 1764 37,
753 1688 838 1747 Pont.
848 1687 875 1746 ii.
889 1706 915 1761 3.
929 1684 979 1765 92)
993 1688 1106 1747 uidetur
1119 1689 1263 1746 eiusmodi
1277 1688 1366 1747 fuisse

219 1790 294 1847 quae
313 1773 417 1828 canalii
435 1772 553 1828 neaeram
574 1790 674 1846 qaaqea
692 1777 755 1828 nata
768 1767 870 1848 (Trist.
884 1769 920 1828 iv.
938 1788 964 1841 4.
981 1765 1032 1846 43)
1047 1778 1132 1827 esset.
1175 1769 1262 1828 Vnde
1282 1770 1367 1845 igitur

219 1852 328 1910 sactum
352 1862 395 1910 est
416 1861 447 1910 ut
467 1870 563 1927 neque
585 1852 648 1927 ipse
670 1851 793 1910 Ouidius
815 1868 911 1926 neque
933 1849 1005 1908 alius
1028 1851 1182 1926 quisquam
1202 1851 1367 1926 aequalium

219 1951 338 1992 causam
352 1933 452 1990 ruinae
466 1933 590 2009 posteris
602 1932 768 1991 tradiderit?
789 1931 863 1990 Esto
874 1932 952 1989 enim
967 1941 998 1989 ut
1006 1931 1130 2006 Augusti
1142 1932 1247 1990 domus
1259 1931 1367 2008 flagitia

219 2013 288 2072 exul
305 2012 429 2071 noluerit
445 2014 550 2090 eloqui,
566 2013 700 2090 quamuis
719 2032 754 2071 ea
773 2023 834 2071 tota
849 2012 947 2071 Roma
965 2012 1158 2088 uulgarentur.
1199 2013 1239 2070 At
1254 2021 1366 2071 ceteros

221 2095 332 2153 siluisse
352 2094 434 2170 quod
457 2096 594 2153 omnibus
616 2102 769 2165 constaret,
791 2112 894 2152 ausum
917 2094 1065 2152 neminem
1087 2093 1174 2152 fuisse
1196 2093 1366 2152 nobilissimi

220 2182 324 2252 poetae
339 2193 465 2234 errorem
480 2174 635 2246 declarare,
650 2193 742 2232 unum
757 2174 897 2234 Ouidium
914 2193 951 2232 ex
968 2175 1104 2233 omnibus
1121 2175 1152 2232 in
1166 2175 1266 2233 ultima
1281 2183 1365 2232 terra-

219 2274 284 2314 rum
301 2255 460 2331 relegatum
479 2274 575 2332 neque
593 2266 761 2315 reuocatum
778 2256 884 2328 fuisse;
913 2255 985 2314 haec
1006 2255 1081 2314 adeo
1100 2256 1240 2314 mirabilia
1254 2264 1321 2314 sunt
1334 2264 1367 2313 ut

220 2337 317 2396 arcani
332 2337 439 2412 aliquid
453 2337 570 2395 latuisse
584 2337 746 2412 suspiceris.
789 2337 858 2396 Hoc
878 2336 947 2413 quid
966 2337 1057 2407 suerit,
1072 2355 1125 2413 pro
1140 2337 1290 2413 explorato
1304 2354 1366 2393 non

220 2429 278 2478 est:
308 2418 360 2477 sed
381 2436 442 2476 non
463 2418 567 2477 desunt
587 2420 716 2494 uestigia.
758 2418 799 2477 Vt
820 2419 901 2477 breui
922 2418 992 2495 quid
1016 2437 1079 2475 rear
1100 2419 1257 2487 enuntiem,
1279 2417 1366 2476 Isidis

220 2518 302 2558 sacra
314 2498 453 2558 Ouidium
464 2499 588 2558 uiolasse
599 2500 742 2571 existimo,
752 2499 792 2558 ita
805 2509 904 2558 tamen
915 2509 947 2557 ut
958 2517 1025 2557 cum
1039 2499 1196 2558 infamiaid
1207 2498 1366 2558 Caesarum

219 2581 409 2640 coniunctum
424 2581 515 2639 suerit.
557 2581 593 2640 ld
607 2580 696 2657 siquis
715 2590 835 2656 quaerat
853 2580 1004 2657 quomodo
1024 2581 1084 2639 fieri
1101 2580 1233 2656 potuerit,
1248 2579 1367 2638 docebit

220 2661 364 2738 Iosephus
383 2662 483 2738 Antiq.
502 2662 577 2719 xviii.
600 2681 626 2736 3.
669 2661 777 2721 Narrat
796 2663 876 2720 enim
896 2663 1055 2738 imperante
1070 2661 1199 2733 Tiberia,
1219 2660 1367 2719 Mundum

220 2743 366 2820 quendam
386 2761 486 2802 amore
507 2753 625 2818 captum
646 2742 783 2802 Paulinae
804 2762 880 2819 quae
902 2742 1057 2801 Saturnino
1078 2752 1223 2818 nupserat,
1244 2759 1367 2801 cumea

220 2824 389 2882 muneribus
410 2841 472 2882 non
492 2824 615 2894 cederet,
630 2825 747 2882 libertae
762 2825 830 2884 Ides
849 2824 918 2883 dolo
938 2825 976 2882 ad
996 2835 1128 2900 stuprum
1145 2825 1186 2882 sic
1207 2824 1366 2882 induxisse.

221 2904 345 2964 Colebat
362 2904 482 2964 Paulina
500 2905 578 2977 Isin;
608 2904 694 2964 huius
716 2906 914 2964 sacerdotibus
932 2905 985 2963 Ide
1007 2905 1149 2982 persuasit
1170 2905 1244 2981 datis
1264 2904 1368 2980 uiginti

221 2987 351 3063 quinque
364 2987 479 3046 milibus
494 2987 706 3058 drachmarum,
717 2987 811 3046 alteris
825 2986 947 3046 totidem
961 2987 1111 3062 promissis
1123 2987 1147 3044 si
1158 3005 1219 3045 rem
1231 2986 1366 3062 perfecis-

221 3078 293 3140 sent,
308 3078 339 3126 ut
359 3067 509 3126 mulierem
530 3086 582 3144 per
602 3069 720 3128 insidias
735 3069 851 3127 Mundo
871 3069 1065 3127 conciliarent.
1107 3069 1209 3144 Itaque
1229 3067 1278 3142 qui
1296 3076 1368 3125 natu

220 3152 364 3209 maximus
382 3150 467 3208 exiis
487 3159 556 3222 erat,
572 3160 683 3209 secreto
700 3151 858 3228 conloquio
872 3150 1010 3208 Paulinae
1028 3149 1210 3208 confirmauit
1225 3148 1368 3206 Anubidis

220 3249 253 3290 se
267 3230 400 3289 nuntium
415 3231 530 3290 uenisse
543 3251 551 3304 ;
575 3231 653 3290 hunc
667 3250 733 3290 eam
748 3250 855 3302 amare,
869 3231 966 3289 iubere
982 3239 1014 3288 ut
1027 3231 1064 3288 ad
1079 3248 1111 3289 se
1125 3232 1244 3288 ueniret.
1287 3229 1367 3287 Tum

220 3312 341 3370 Paulina
356 3313 464 3371 sciente
479 3314 582 3371 marito
598 3314 644 3371 cui
658 3330 719 3371 rem
734 3313 916 3390 patefecerat,
931 3313 961 3369 in
976 3312 1061 3370 Isidis
1076 3311 1145 3370 fano
1160 3329 1228 3370 cum
1242 3311 1367 3381 Mundo,

221 3411 310 3470 quem
323 3393 443 3451 Anubin
463 3411 528 3451 esse
547 3396 669 3464 rebatur,
685 3394 850 3453 concubuit.
893 3392 983 3463 Quod
998 3391 1133 3452 Tiberius
1151 3411 1217 3450 cum
1235 3391 1368 3451 rescisset

221 3473 369 3532 Mundum
383 3475 413 3530 in
431 3473 548 3532 exilium
567 3476 708 3550 exegisse,
723 3474 809 3533 Isidis
827 3474 928 3532 sanum
945 3472 1074 3544 diruisse,
1090 3474 1161 3532 deae
1181 3474 1368 3531 simulacrum

220 3555 251 3612 in
273 3555 404 3613 Tiberim
426 3555 517 3629 proici
537 3555 663 3613 iussisse.
687 3605 689 3608 ,
711 3554 769 3614 Sed
795 3564 824 3613 et
847 3556 910 3631 ipse
932 3553 1055 3613 Ouidius
1077 3564 1197 3613 testatur
1218 3556 1368 3630 lear'gaora

213 3636 289 3709 fieri
303 3636 373 3710 qaid
381 3636 472 3709 possit
485 3636 526 3691 ad
536 3635 600 3693 Isz‘n
614 3634 695 3712 (Am.
710 3637 737 3694 ii.
755 3656 780 3695 a.
797 3650 844 3709 25,
859 3634 896 3696 cf.
911 3634 999 3693 Trist.
1014 3636 1041 3692 ii.
1060 3650 1127 3710 297,
1142 3636 1242 3694 quen.
1256 3637 1291 3693 vi.
1308 3653 1368 3708 490

220 3714 331 3774 Isiacae
347 3717 478 3774 sacraria
498 3717 580 3788 leieae,
598 3716 705 3774 Preller
726 3716 813 3776 Rom.
834 3716 926 3792 Myth.
944 3734 972 3792 p.
990 3717 1092 3795 728.)†
1132 3716 1174 3775 Vt
1194 3717 1279 3792 igitur
1301 3734 1369 3773 cum

222 3797 366 3873 plerisque
386 3805 545 3855 statuamus
560 3797 699 3857 Ouidium
718 3798 838 3856 minoris
853 3799 951 3867 Iuliae,
966 3798 1092 3872 Augusti
1110 3799 1213 3874 neptis,
1228 3799 1369 3874 flagitium

223 3878 341 3954 aliquod
355 3878 463 3936 uidisse
483 3879 570 3954 idque
585 3897 655 3955 prae
674 3879 777 3938 timore
797 3879 993 3938 dissimulasse
1008 3879 1109 3958 (Trist.
1125 3881 1160 3938 iv.
1177 3898 1203 3951 4.
1221 3893 1268 3953 37,
1284 3879 1367 3936 Pont

223 3959 251 4018 ii.
274 3978 299 4017 a.
318 3955 377 4036 19),
395 3958 538 4019 habemus
559 3979 611 4018 cur
632 3962 765 4032 timuerit,
781 3962 805 4020 si
823 3970 873 4019 aut
893 3961 1035 4036 corruptis
1055 3961 1140 4019 Isidis
1161 3961 1299 4019 ministris
1320 3969 1370 4017 aut

223 4040 321 4099 insciis
335 4058 369 4098 ac
383 4057 449 4098 sero
464 4043 712 4116 cognoscentibus
726 4043 756 4099 in
770 4042 839 4101 fano
854 4034 925 4102 dea‘e
939 4042 969 4100 id
980 4041 1089 4101 factum
1100 4051 1152 4100 est.
1181 4041 1370 4118 Quamquam

256 4215 271 4250 ¹⁸¹
286 4212 415 4260 Peculiares
426 4212 514 4260 libellos
525 4214 660 4274 scripserunt
672 4215 700 4262 de
714 4215 782 4262 exilio
794 4216 872 4262 Ouidii
884 4215 987 4263 Thomas
1000 4216 1063 4276 Dyer
1076 4215 1112 4261 On
1127 4215 1164 4263 the
1176 4229 1243 4260 caasa
1254 4215 1284 4274 of
1292 4213 1371 4262 Oaid’s

222 4279 293 4328 Exiit
309 4279 333 4326 in
349 4278 425 4325 Musei
442 4278 528 4325 classici
545 4279 616 4326 Tom.
629 4281 659 4327 iv.
671 4295 708 4340 pp.
723 4288 842 4343 224-247,
860 4290 883 4328 et
901 4283 930 4327 A.
943 4281 1032 4327 Deville
1046 4280 1109 4327 Essai
1126 4296 1163 4327 sur
1180 4278 1245 4326 l’Exil
1262 4280 1369 4340 d’Ovide,

223 4345 287 4394 Paris
301 4345 372 4408 1859.
403 4343 441 4390 Cf.
454 4343 566 4391 Merivale
579 4345 638 4392 Hist.
651 4344 679 4392 os
688 4346 727 4392 the
739 4347 842 4392 Romans
854 4347 928 4405 under,
936 4346 976 4393 the
986 4347 1078 4405 Empire
1089 4347 1119 4394 iv.
1133 4356 1254 4406 331-333,
1266 4347 1301 4392 ed.
1313 4347 1369 4393 min.

256 4412 275 4469 †
293 4411 410 4472 Appianus
421 4409 491 4455 tradit
502 4408 526 4454 in
537 4410 600 4457 Bello
612 4411 679 4458 Ciuili
690 4410 809 4459 Volusium
821 4412 936 4473 quendam
949 4411 1013 4459 Isiaci
1025 4410 1084 4458 linea
1097 4411 1154 4458 stola
1167 4419 1190 4458 et
1202 4413 1284 4457 canino
1296 4412 1371 4471 capite

223 4477 332 4526 indutum
344 4475 449 4540 effugisse
459 4474 497 4539 (B.
506 4475 534 4523 C.
543 4475 573 4522 iv.
583 4474 634 4536 47).
