3038 5010
646 396 691 455 m
713 397 810 457 ιΒιιι.
1083 470 1088 476 ,
1266 402 1304 456 ιο

156 555 289 626 Veneris,
304 555 437 615 nolentes
456 558 483 614 ei
497 556 665 628 sacrificare,
680 556 711 614 in
752 558 863 626 berent,
894 557 996 614 mutati
1026 564 1094 615 sunt
1132 555 1162 613 in
1196 555 1305 615 leones.

157 637 260 695 leones
274 646 366 694 mutat
326 636 514 697 ttiiuerunt.
553 637 588 696 G.
752 601 877 697 Ouidiu’s
892 637 1046 696 Metamor
1061 637 1116 714 (X.
1133 634 1212 715 681).
1257 636 1291 695 C.

199 731 268 792 459.
291 717 440 793 Solaque
468 719 621 778 Limone.
664 719 711 776 Li·
794 715 945 800 [Limone]
974 718 1031 777 tilia
1054 718 1284 795 Hippomenis
1276 736 1307 775 ιιι

156 817 246 857 mone
268 797 468 875 Hippomenis
491 801 579 860 filia
572 821 602 858 ιιι
631 802 711 859 corio
753 800 892 860 adulterio
908 800 1090 878 deprehensa
1104 799 1307 858 Atheniscum

158 898 267 956 equino
277 879 382 952 clausa
392 892 423 938 ut
434 883 471 939 ab
480 899 557 958 equo
567 892 711 958 stuprare
753 899 830 959 equo
858 877 937 962 [suit]
973 882 1085 941 inclusa
1117 877 1173 962 [et]
1201 882 1238 939 ab
1270 898 1306 939 eo

157 971 211 1031 tur,
229 963 266 1020 ab
285 962 391 1021 eodem
409 980 486 1039 equo
501 963 638 1023 deuorata
659 972 709 1022 est.
753 974 936 1040 consumpta,
969 974 1001 1022 ut
1032 963 1059 1022 d
1080 961 1195 1022 Darius.
1240 961 1312 1021 Cel

161 1043 196 1101 G
753 1044 823 1103 Ast.

199 1123 249 1180 Alt
238 1123 325 1182 terius
338 1124 537 1201 Hippomenis
558 1126 623 1198 filia,
639 1128 680 1185 ob
694 1136 826 1200 stuprum
843 1127 910 1202 equi
927 1126 1038 1185 inclusa
1057 1126 1095 1184 ab
1109 1124 1215 1184 eodem
1230 1141 1309 1202 equo

159 1215 333 1280 consumpta
347 1217 391 1265 est
405 1206 538 1279 Athenis,
553 1226 602 1284 qur
595 1207 699 1267 'locus
712 1207 919 1284 prukek'ores
933 1208 1043 1266 dicitur.
1085 1207 1124 1265 P.

201 1287 268 1356 461.
291 1287 358 1345 Aut
395 1297 433 1346 ut
467 1288 712 1348 Cassandreus.
796 1287 994 1348 *Cassandrus
1016 1288 1151 1347 hommes
1171 1305 1256 1345 uiuos
1279 1288 1309 1344 in

160 1365 358 1427 *Cassandrus
380 1367 515 1429 homines
537 1389 607 1428 suos
628 1372 713 1430 uiuos
753 1381 860 1431 terram
870 1370 1006 1441 fodiebat,
1019 1380 1047 1428 et
1055 1369 1133 1427 idem
1147 1386 1251 1445 passus
1266 1378 1310 1427 est

160 1458 251 1507 terrae
270 1449 382 1520 infodit,
399 1450 480 1525 quod
501 1453 588 1510 etiarn
610 1470 713 1527 passus
754 1471 773 1510 a
787 1453 846 1510 suis
861 1451 980 1510 ciuibus.
1012 1450 1107 1508 *Vnde
1121 1450 1287 1525 Propertius
1297 1470 1308 1508 .·

161 1539 206 1588 est
240 1533 277 1589 ab
306 1533 356 1589 eis.
402 1529 500 1590 *Vnde
525 1533 691 1609 Propertius
701 1555 712 1592 .·
756 1531 912 1610 Suffocauii
929 1533 1011 1590 humo
1031 1533 1110 1590 urbas
1131 1531 1311 1590 Cassandrus

161 1609 323 1687 Suffocabat
341 1612 423 1670 humi
440 1616 519 1671 uiuos
534 1613 715 1673 Cassandrus
755 1616 874 1690 riir'mque
887 1620 928 1671 est
938 1613 983 1672 Et
994 1632 1048 1672 uon
1062 1615 1195 1672 iumento
1205 1622 1311 1688 passus

160 1693 278 1753 †ibidem
292 1693 335 1752 El
346 1714 400 1751 uon
417 1695 550 1754 iumento
562 1705 666 1771 passus
680 1696 715 1754 ab
756 1694 998 1771 †tilrraquesur'.s.*’
1033 1695 1067 1754 C.

161 1774 314 1850 pressais*
359 1774 396 1834 G.

203 1857 404 1916 Cassandreus
419 1867 556 1934 tyrannus
563 1859 698 1934 populant
715 1859 845 1918 suumin
859 1857 938 1916 sossa
952 1859 1100 1916 detrusum
1115 1857 1218 1916 obruit.
1258 1858 1297 1915 P.

205 1942 272 2013 4⁶3·
293 1939 362 1997 Aut
382 1949 418 1997 ut
436 1938 656 1999 Abantiades.
700 1941 880 1999 Abantiades
894 1939 912 1998 i.
928 1939 1059 2010 Perseus,
1074 1940 1207 2016 quicum
1220 1950 1311 1997 matre

162 2020 311 2080 Danaeia
324 2038 405 2078 mare
422 2021 568 2096 proiectus
586 2032 630 2080 est
646 2032 765 2098 propter
780 2021 860 2080 I'ouis
875 2023 1072 2079 concubitum.
1114 2020 1153 2080 Ρ.

206 2104 272 2160 Aut
286 2111 321 2160 ut
336 2100 530 2176 Lyrnesius
540 2102 651 2162 heros.
684 2103 803 2162 Tennes
814 2103 948 2162 conditor
960 2102 1091 2161 Tenediz'
1101 2101 1203 2173 Castri,
1219 2100 1313 2179 Cycni

165 2184 246 2254 tilius,
257 2202 325 2243 cum
340 2200 439 2242 sorore
453 2201 506 2243 sua
519 2185 549 2243 in
563 2203 643 2243 mare
657 2188 802 2262 proiectus
817 2195 861 2243 est
874 2194 993 2262 propter
1007 2183 1099 2260 stupri
1111 2185 1312 2260 suspicionem.

206 2346 234 2403 T
236 2365 325 2405 ennes
343 2347 417 2406 filius
433 2345 528 2422 Cigni,
551 2347 599 2405 filii
621 2346 759 2423 Neptuni,
782 2347 868 2406 frater
885 2347 1066 2416 Hemitheae,
1082 2365 1099 2405 a
1113 2364 1240 2405 nouerca
1261 2363 1315 2404 sua

167 2427 352 2491 Scamandria
373 2447 440 2487 cum
457 2446 548 2486 sorore
562 2429 718 2488 Hemithea
738 2448 792 2505 pro
814 2430 933 2488 crimine
956 2428 1085 2487 adulterii
1106 2429 1184 2503 apud
1201 2438 1315 2502 patrem

166 2519 327 2580 accusatus,
337 2511 367 2568 in
381 2509 498 2568 exilium
514 2511 618 2568 missus
633 2528 699 2569 cum
710 2530 803 2570 sorore
816 2511 895 2569 uenit
908 2511 938 2567 in
949 2510 1144 2587 Leucophryn
1156 2510 1299 2568 desertam
1306 2527 1313 2579 ;

167 2591 220 2667 qui
250 2591 414 2649 inhabitans
439 2590 476 2649 de
506 2609 559 2649 suo
588 2593 705 2650 nomine
733 2593 877 2651 Tenedon
907 2591 1071 2668 appellauit.
1114 2592 1221 2650 Postea
1248 2608 1315 2649 cum

168 2691 267 2730 sorore
283 2691 343 2741 sua,
353 2681 473 2748 propter
487 2673 685 2748 suspicionem
700 2674 798 2751 stupri,
810 2674 888 2733 dolio
898 2674 1027 2733 inclusus
1041 2673 1071 2731 in
1085 2691 1165 2732 mare
1174 2672 1315 2750 praecipi-

168 2763 250 2812 tatur.
291 2753 381 2812 Mure
394 2773 418 2813 s.
427 2773 456 2812 ra·
469 2752 498 2810 N
500 2755 622 2831 anplius.

204 2903 265 2951 459.
284 2881 476 2952 Limone]'om·
491 2886 555 2939 Ask.
644 2885 778 2954 ipomenis
792 2887 843 2941 GC
924 2884 987 2956 fuit]
1001 2906 1051 2940 om.
1064 2888 1129 2939 Ask.
1171 2867 1174 2871 ¹
1213 2884 1317 2955 et]om.

171 2959 235 3010 Ask.
296 2960 458 3022 consumpta
470 2962 511 3009 est
525 2958 590 3009 Ask.
653 2958 829 3025 ypomenisP
891 2960 1085 3024 ypoterotesP
1147 2957 1207 3010 Vde
1217 2958 1255 3010 ad
1267 2973 1315 3022 335

170 3030 234 3081 Cum
249 3027 272 3080 G
286 3038 357 3095 comp
358 3029 430 3079 irare
441 3027 540 3080 uidetur
552 3028 580 3079 A
574 3029 696 3096 poetelius
709 3029 782 3081 XIV.
798 3046 830 3080 ιο
843 3028 952 3081 Leutsch
964 3028 1051 3081 Πόθος
1063 3029 1139 3119 κόρης
1152 3028 1318 3095 ἶππομονοῦς·

170 3098 211 3152 ἐπὶ
224 3102 275 3151 τῶν
286 3097 328 3150 δια
312 3038 506 3234 ίἔθειρομένιον
518 3097 560 3150 καὶ
577 3099 696 3166 ἀφόρητα
713 3097 789 3166 δῆθεν
804 3098 994 3168 ὑφισταμένων·
1013 3096 1088 3151 οὗτος
1099 3100 1200 3254 γόέ
1167 3096 1256 3186 γένους
1268 3101 1320 3151 τῶν

170 3167 318 3256 Κοδριδῶν
340 3189 406 3222 νος
424 3188 464 3220 και
482 3170 628 3224 τελευταῖος
645 3169 853 3230 ἐβασίλευσε,
826 3191 872 3236 την
886 3167 1018 3260 θυγατέρα
1036 3169 1123 3238 καθεῐρ
1141 3189 1168 3221 εν
1186 3190 1214 3221 εν
1231 3168 1318 3256 χωρίῳ

169 3261 218 3293 τινι
210 3236 318 3330 μεθ’”
307 3259 385 3328 ιππον
400 3238 561 3307 μαινομένου.
592 3239 632 3292 διὸ
650 3240 770 3329 λαθραίῳ
782 3241 850 3333 μίξει
865 3239 912 3307 τὴν
928 3238 1319 3328 παρθενίαναῦτῆςέλυμηνατο,

171 3310 243 3363 καὶὸ
257 3306 335 3363 ἵππος
352 3308 399 3377 τὴν
417 3307 495 3378 κόρην
509 3309 601 3373 βίαν’
587 3308 737 3376 εποιησατο·
750 3292 805 3381 ἀφ’
818 3309 848 3364 οὗ
865 3310 1001 3379 Πόριππος
1018 3311 1058 3364 καὶ
1075 3311 1144 3379 Κόρη
1162 3312 1178 3362 ό
1195 3310 1273 3364 τόπος
1291 3308 1320 3363 ὄν

171 3403 190 3451 ῳ
179 3377 233 3434 τό
245 3378 350 3434 addos‘
337 3379 436 3445 νπέστη
450 3381 573 3434 καλεῖται.

207 3454 268 3515 46ι.
287 3447 376 3518 uiuos]
390 3449 517 3504 uictosG
582 3450 676 3519 etiam]
691 3444 748 3518 ]G
813 3451 913 3504 ibidem
926 3453 1017 3520 scripsi
1028 3428 1137 3504 incertus
1150 3452 1319 3519 descriptura

173 3524 197 3575 G
208 3541 272 3589 quar
283 3521 384 3574 uidetur
394 3540 445 3574 esse
457 3520 521 3573 1dbe
548 3522 592 3574 Ex
607 3525 670 3576 Ask.
684 3541 771 3576 uersus
784 3524 989 3576 tantumattulit
1002 3522 1137 3577 Merkelius
1205 3537 1320 3588 proper·

173 3592 230 3644 cius
245 3592 291 3645 GC
407 3589 503 3660 humo]
517 3590 681 3647 homerosC
801 3592 930 3661 idemque
944 3594 1022 3647 estG
1137 3598 1179 3646 est
1191 3612 1239 3646 om.
1254 3593 1319 3647 Ask.

172 3662 318 3729 †idemque
332 3662 354 3714 G
365 3662 430 3715 Ask.
501 3663 671 3717 Casandreus
683 3669 838 3748 tyrannum
843 3679 921 3716 suum
933 3667 965 3717 P.

208 3736 270 3799 4⁶3·
287 3731 393 3800 persius
405 3735 458 3855 PG
499 3732 570 3788 dane
583 3737 607 3786 P
678 3735 778 3788 Scholia
791 3736 883 3790 uitiosa
894 3754 921 3788 m
936 3735 994 3788 GC
1005 3735 1094 3860 Askc

993 3806 1049 3857 Ask

208 3872 308 3927 Pretus
332 3873 358 3927 ii.
379 3873 495 3925 Abantis
518 3872 605 3927 frater
622 3875 726 3940 Acrisii,
804 3875 903 3929 Pretus
930 3874 999 3928 filius
1023 3875 1137 3928 Abantis
1160 3873 1247 3928 frater
1269 3873 1323 3928 fuit

173 3960 255 4013 quem
278 3944 392 3996 Perseus
414 3951 588 4012 peremptum
607 3946 635 3998 in
659 3914 728 3998 mari
771 3946 865 3999 Acrisii
880 3945 1088 4016 (fratrisA-crisii
1101 3945 1144 4016 G),
1158 3962 1240 4014 quem
1254 3946 1322 3999 Per·

174 4015 354 4082 precipitauit,
373 4014 437 4083 quia
454 4015 590 4069 Acrisium
608 4032 624 4069 a
642 4032 727 4084 regno
768 4033 838 4083 seus,
858 4017 921 4085 quia
937 4017 1043 4070 Acrisio
1064 4033 1117 4070 auo
1137 4033 1187 4071 suo
1207 4030 1322 4083 regnum

174 4086 301 4139 eiecerat.
771 4087 882 4140 abstulit
888 4087 977 4170 (doio
995 4087 1144 4141 abstulerat
1169 4087 1248 4154 Ask.)
1275 4103 1322 4140 oc·

771 4158 839 4211 cidit
849 4158 914 4210 etin
927 4174 1002 4211 mare
1009 4157 1184 4229 precipitauit
1194 4159 1323 4229 (proiecit

771 4229 944 4296 precipitabit
957 4227 1002 4298 C).

175 4295 323 4364 Lyrnesius
334 4293 428 4364 heros]
443 4296 590 4350 TeneusP
649 4297 779 4352 tenediP
831 4299 931 4365 ligniP
984 4299 1168 4367 suspitionem
1174 4302 1198 4351 P
1251 4300 1324 4368 Quae

175 4367 240 4421 edidi
251 4386 282 4421 ex
295 4366 372 4420 Mure
382 4369 469 4419 eadem
474 4368 537 4433 fere
546 4378 637 4422 extant
649 4370 719 4438 apud
729 4371 845 4423 Seruium
857 4369 895 4421 ad
905 4371 970 4423 Aen.
984 4373 1020 4423 ΙΙ.
1035 4388 1077 4436 21,
1090 4368 1132 4422 ubi
1148 4379 1232 4422 tamen
1249 4368 1322 4422 nulrzl

177 4437 363 4490 Scamandriae
380 4440 480 4492 mentio.
516 4440 598 4492 Sahal.
614 4440 646 4492 Il.
665 4441 687 4492 I.
708 4445 739 4504 38
759 4438 858 4492 Κύκνον
879 4441 920 4492 καὶ
937 4439 1155 4527 Σκομανδροδὶκης
1172 4437 1264 4506 Τέννης
1282 4439 1324 4491 καὶ

175 4505 295 4576 Ημιθέα’
309 4505 337 4562 ὃς
349 4507 491 4564 ἀπελαθεὶς
497 4508 547 4563 ὑπὸ
559 4530 605 4562 τον
593 4509 756 4579 πατρὸς
726 4531 775 4564 συν
786 4531 817 4577 τη
807 4508 932 4578 ἀδελφῇ
945 4507 1055 4578 Ἥριθέα
1072 4509 1152 4562 διὰ
1125 4531 1171 4578 την
1183 4508 1324 4576 ἐπιβουλην
