3038 5010
231 390 287 444 124
640 383 986 445 COMMENTARIVS.

229 555 262 591 ac
287 537 353 591 uino
379 539 544 608 absumptus
570 549 613 593 est
636 540 720 607 (Plut.
744 541 826 592 Dem.
855 552 886 606 52
912 537 969 605 fin.)
1120 538 1184 591 319.
1209 536 1383 592 Atarnites.

228 607 388 675 Ἀταρνείτης
403 609 510 663 Callim.
526 611 578 678 Ep.
593 610 609 662 i.
628 625 638 662 1
656 628 690 663 ex
706 613 830 663 Atarneo
850 608 967 677 Mysiae.
1006 607 1114 662 Herod.
1128 607 1144 661 i.
1163 607 1212 660 160
1229 613 1275 660 τοῦ
1287 606 1381 671 Ἀταρ-

230 680 285 732 νέος
304 679 395 732 τούτου
414 680 472 732 ἐστὶ
491 685 575 749 χῶρος
593 681 637 745 τῆς
655 681 756 746 Μυσίης
776 680 880 742 Λέσβου
899 679 989 733 ἀντίος.
1029 679 1120 732 Schol.
1136 688 1163 731 et
1182 677 1307 748 plerique
1323 678 1380 732 dici

229 750 347 803 credunt
374 750 536 817 Hermian*
563 750 679 804 Atamei
705 760 732 804 et
757 749 822 803 Assi
848 761 1005 817 tyrannum,
1031 749 1178 818 aequalem
1204 758 1231 802 et
1257 747 1381 802 amicum

228 819 396 887 Aristotelia
419 820 465 889 qui
492 820 568 889 apud
590 838 654 874 eum
679 820 708 873 in
731 822 856 873 Atarneo
881 829 1069 872 commoratus
1096 829 1138 872 est
1163 819 1279 888 eiusque
1302 819 1382 872 duxit

229 890 315 942 filiam
335 890 394 943 siue
414 891 557 960 ἀδελφιδῆν
577 890 724 960 Pythiada.
764 891 859 958 (Diog.
882 892 910 944 L.
931 909 955 944 v.
977 905 1000 957 3,
1022 890 1113 943 Strab.
1133 889 1193 957 610,
1214 889 1292 943 Suid.
1312 907 1333 943 ε.
1354 907 1380 943 u.

228 958 411 1027 Ἀριστοτέλης
426 971 453 1014 et
467 958 589 1030 Ἐρμίας.)
628 964 673 1014 De
693 971 782 1014 morte
801 961 861 1014 eius
881 960 967 1016 Diod.
982 960 1035 1013 xvi.
1053 972 1093 1027 52.
1107 974 1121 1012 2
1134 957 1344 1028 Ἐστρατεὺσατο
1358 957 1381 1010 δ’

229 1029 269 1082 ἐπὶ
282 1035 384 1098 πρῶτον
392 1029 498 1099 Ἑρμίαν
507 1033 552 1084 τὸν
561 1028 701 1100 Ἀταρνέων
711 1030 832 1100 τύραννον
842 1031 1006 1099 ἀφεστηκότα
1019 1034 1064 1083 τοῦ
1076 1029 1207 1090 βασιλέως
1220 1031 1260 1082 καί
1272 1032 1382 1082 πολλῶν

228 1100 400 1170 ὀχυρωμάτων
425 1103 466 1153 καί
489 1104 590 1155 πόλεων
614 1101 767 1170 κυριεύοντα.
812 1099 1046 1170 Ἐπαγγειλάμενος
1071 1100 1098 1153 δέ
1123 1100 1191 1171 αὐτῷ
1214 1100 1315 1154 πείσειν
1336 1102 1382 1155 τὸν

227 1171 341 1234 βασιλέα
355 1173 394 1224 καί
404 1177 454 1225 τῶν
464 1172 629 1242 ἐγκλημάτων
641 1172 780 1239 ἀπολῦσαι,
792 1172 919 1239 συνῆλθεν
930 1172 965 1226 εἷς
977 1173 1073 1252 λόγους
1085 1172 1125 1222 καὶ
1137 1172 1382 1240 παρακρουσάμενος

228 1242 304 1295 αὐτὸν
323 1242 459 1297 συνέλαβε.
499 1244 586 1296 Paulo
609 1243 689 1296 aliter
709 1243 810 1296 Strabo
829 1241 947 1311 610ααί
967 1242 1034 1296 dic1t
1054 1259 1071 1294 a
1091 1243 1245 1294 Memnone
1265 1241 1380 1294 Rhodio

228 1312 322 1380 specie
342 1312 482 1366 amicitiae
502 1312 651 1367 inuitatum
671 1313 708 1366 ibi
728 1324 887 1382 correptum
906 1311 992 1366 fuisse
1012 1322 1040 1365 et
1058 1312 1095 1365 ad
1114 1328 1210 1379 regern
1230 1313 1380 1365 Persarum

227 1382 346 1435 missum
371 1383 523 1452 suspendio
548 1383 654 1452 perisse
681 1383 762 1451 (κάκεῖ
790 1383 940 1452 κρεμασθεὶς
965 1382 1113 1448 ἀπώλετο);
1149 1381 1226 1435 cuius
1251 1382 1381 1436 meminit

227 1453 393 1506 Aristoteles
408 1456 513 1508 Oecon.
529 1454 555 1508 ii.
570 1470 604 1522 29
617 1464 644 1507 et
658 1454 686 1506 in
700 1454 772 1523 epig.
786 1471 829 1522 ap.
846 1453 928 1522 Diog.
946 1455 974 1506 L.
989 1472 1012 1506 ν,
1027 1453 1044 1506 6
1061 1463 1171 1506 statuae
1185 1451 1244 1505 eius
1259 1453 1380 1522 Delphis

228 1522 367 1592 insculpto
380 1525 458 1576 Τόνδε
472 1521 528 1576 ποτ’
542 1525 589 1593 οὐχ
608 1525 686 1579 ὁσίως
697 1526 815 1590 παραβὰς
827 1525 946 1592 μακάρων
959 1523 1031 1591 θέμιν
1043 1523 1122 1593 ἁγνὴν
1128 1520 1256 1576 Ἐκτεινεν
1270 1528 1381 1591 Περσῶν

227 1593 381 1663 τοξοφόρων
390 1594 524 1661 βασιλεύς,
535 1595 571 1648 Οὐ
582 1597 699 1664 φανερῶς
711 1597 797 1664 λόγχη
807 1595 908 1662 φονίοις
920 1594 948 1647 ἐν
960 1593 1042 1664 ἆγῶσι
1057 1591 1194 1662 κρατήσας,
1203 1591 1277 1644 Ἀλλ’
1288 1593 1381 1662 ἀνδρὸς

227 1664 313 1716 πίστει
338 1665 501 1732 χρησάμενος
527 1665 625 1717 δολίου.
665 1666 795 1718 Eundem
819 1664 957 1718 Hermian
979 1665 1085 1732 hymno
1107 1665 1152 1717 uel
1176 1680 1284 1732 paeane
1307 1665 1379 1718 cele·

227 1734 319 1787 brauit
333 1735 499 1788 Aristoteles
510 1733 603 1804 Ἀρετὰ
620 1734 771 1804 πολύμοχθε
784 1736 851 1805 γένει
863 1734 982 1807 βροτείῳ,
996 1734 1024 1787 in
1038 1751 1093 1804 quo
1105 1733 1240 1802 Ἀταρνέος
1253 1734 1381 1804 ἔντροφος

228 1804 337 1870 dicitur,
356 1816 440 1874 atque
460 1806 545 1859 etiam
565 1805 701 1859 sacrificio
721 1807 812 1860 colere
831 1805 953 1859 creditus
972 1815 1015 1859 est
1034 1805 1137 1858 Athen.
1150 1804 1217 1872 697:
1237 1820 1321 1873 quam
1341 1805 1379 1858 ob

227 1892 287 1928 rem
311 1875 462 1944 impietatis
484 1876 661 1930 insimulatus
682 1887 724 1930 est
746 1894 763 1930 a
784 1876 963 1944 Demophilo
1000 1875 1073 1928 Vide
1093 1875 1193 1943 Bergk.
1216 1876 1294 1928 Poet.
1315 1877 1379 1943 Lyr.

228 1962 273 2013 pp.
288 1946 348 2013 664,
362 1947 422 2013 676,
438 1949 565 2000 Hermen
579 1964 604 2000 a.
621 1949 695 2015 1879,
709 1965 736 2015 p.
750 1947 810 2013 469.
849 1947 906 2000 Sed
926 1963 991 1999 cum
1005 1945 1143 1998 Hermian
1162 1944 1285 1998 insutum
1302 1946 1380 1999 ferae

227 2016 300 2083 pelle
322 2034 406 2068 nemo
426 2018 527 2084 tradat,
551 2019 636 2070 lanus
660 2017 824 2070 Parrhasius
846 2019 939 2070 locum
962 2017 997 2069 de
1018 2019 1124 2083 Pactya
1147 2016 1226 2083 Lydo
1248 2015 1379 2084 intelligit

228 2102 312 2154 quem
327 2087 419 2140 Persis
432 2087 556 2155 ἐξέδοσαν
570 2089 593 2139 oi
605 2090 663 2140 Χῖοι
676 2088 718 2140 ἐπὶ
730 2091 766 2159 τῷ
778 2086 896 2156 Ἀταρνέί
906 2087 991 2157 μισθῷ
1006 2087 1112 2139 Herod.
1127 2086 1142 2139 i:
1161 2086 1216 2139 160.
1250 2087 1290 2140 Cf.
1306 2087 1378 2140 Plut.

228 2157 263 2210 de
285 2157 390 2210 Herod.
411 2157 528 2226 Malign.
542 2172 584 2211 zo.
620 2160 666 2225 At,
681 2175 852 2227 quamquam
868 2157 1010 2211 Atarnites
1030 2174 1097 2225 ager
1114 2166 1178 2226 post
1197 2156 1251 2210 hoc
1269 2156 1379 2210 facinus

227 2227 303 2279 uelut
317 2227 435 2280 deuotus
448 2245 501 2281 nec
513 2229 606 2296 fruges
619 2246 672 2282 nec
687 2228 805 2296 πέμματα
824 2229 852 2281 in
871 2228 1008 2282 sacrificia
1026 2228 1188 2296 praebebat,
1202 2227 1248 2279 uix
1266 2237 1379 2295 poterat

227 2296 378 2349 Atarmtes
396 2315 419 2350 1s
437 2299 492 2351 d1c1
512 2316 589 2351 curus
609 2298 683 2352 uitae
699 2302 840 2352 Atarneus
857 2299 978 2368 pretium
990 2297 1050 2351 fuit.
1088 2300 1181 2366 Atque
1197 2297 1258 2366 ipse
1274 2298 1378 2351 Strabo

228 2366 295 2420 dicit
314 2367 366 2419 616
384 2365 519 2436 Ἀταρυεός
541 2369 598 2422 ε’στι
619 2371 648 2421 τὸ
670 2373 715 2422 τοῦ
735 2368 859 2435 Ἑρμίου
881 2371 1065 2437 τυραννεῖον,
1088 2378 1117 2421 ut
1140 2367 1219 2437 quasi
1244 2367 1303 2421 iure
1326 2385 1379 2421 suo

226 2436 370 2498 Atarnites
390 2438 435 2491 hic
455 2438 569 2492 dicatur.
624 2443 751 2494 insutus
769 2440 830 2494 Val.
851 2442 927 2493 Max.
944 2439 978 2492 ix.
993 2454 1016 2492 2.
1035 2453 1062 2491 11
1084 2440 1168 2492 Sicut
1188 2439 1237 2492 illi
1255 2439 1378 2506 barbara,

227 2525 295 2576 qraas
305 2509 410 2575 serunt
428 2515 615 2562 mactatarum
629 2511 769 2579 pecudum
787 2512 930 2563 intestinis
941 2516 968 2563 et
980 2510 1131 2563 uzuceribus
1143 2511 1242 2585 egestis
1254 2508 1379 2561 hommes

226 2580 354 2644 inserere,
367 2580 410 2631 ita
428 2585 461 2632 ut
478 2581 616 2649 capitibus
627 2582 821 2634 tantummodo
833 2583 991 2634 emmeant.
1003 2621 1009 2634 .
1021 2621 1027 2633 .
1041 2581 1125 2633 donec
1135 2582 1215 2633 intus
1222 2579 1381 2648 putrefacti

64 2640 68 2650 ’
153 2672 170 2695 ο
227 2649 1192 2721 lam'atuisiutam'malibusquactabidumcorporibusnascisolcnt.
1213 2648 1377 2718 (Micyllus)

229 2720 408 2789 Quamquam
422 2730 531 2788 poterat
545 2721 573 2774 in
587 2723 688 2790 pellem
702 2722 742 2774 sic
759 2722 831 2775 insui
845 2732 874 2775 ut
889 2721 1047 2790 Encolpion
1060 2730 1087 2774 et
1102 2720 1207 2774 Gitona
1221 2721 1378 2788 Eumolpus

227 2790 340 2843 uolebat
365 2792 396 2842 iu
419 2792 491 2844 duas
510 2793 599 2860 pallas
619 2795 740 2846 conicere
763 2795 924 2861 mactusque
947 2793 1017 2845 laris
1040 2793 1118 2844 inter
1136 2793 1300 2845 uestimenta
1321 2795 1378 2859 pra

226 2862 348 2913 sarcinis
359 2861 457 2914 trabere
470 2863 582 2916 Petron.
597 2864 624 2917 S.
641 2878 697 2916 102.
777 2866 847 2919 320.
866 2867 1027 2916 dominum
1045 2862 1174 2929 δεσπότην
1189 2878 1245 2931 quo
1263 2860 1378 2914 nomine

228 2931 442 2999 appellabantur
454 2950 534 3000 reges
549 2935 698 2987 Persarum
712 2933 880 3003 (Saluagn.).
964 2937 1029 2987 321.
1048 2936 1148 2996 Inque
1161 2939 1216 2986 tuo
1229 2935 1376 2986 thalamo.

227 3002 395 3069 Alexander,
409 3013 543 3070 tyrannus
558 3005 711 3057 Pherarum
724 3004 753 3057 in
766 3003 915 3057 Thessalia
929 3003 997 3073 (ac.
1012 2994 1140 3072 369-35ss
1156 3003 1277 3070 Clinton,
1292 3004 1323 3056 F.
1339 3004 1375 3056 H.

229 3071 255 3123 ii.
270 3089 292 3125 c.
307 3074 349 3140 15)
365 3090 429 3126 curn
442 3075 555 3127 Thebes
575 3075 667 3128 uxoris
687 3076 786 3128 fratres
805 3074 992 3143 Tisiphonum
1012 3075 1199 3143 Lycophrona
1217 3073 1377 3126 Timolaum

227 3159 329 3196 necare
343 3143 520 3212 destinasset,
535 3144 608 3212 θηβη
627 3147 656 3198 τὸ
674 3145 807 3213 βούλευμα
824 3147 952 3213 μαθοῦσα,
964 3148 1018 3198 τοῖς
1037 3145 1083 3214 μὲν
1095 3144 1221 3212 ἀδελφοῖς
1238 3143 1378 3213 ἐγχειρίδια

228 3212 311 3266 δοῦσα
323 3215 562 3284 παρασκευάζεσθαι
574 3216 638 3285 πρὸς
650 3216 695 3283 τὴν
705 3216 812 3285 σφαγὴν
824 3216 971 3285 παρεκάλει.
990 3214 1050 3288 οίνιρ
1062 3214 1091 3266 δέ
1101 3215 1198 3286 πολλῷ
1205 3213 1378 3283 Ἀλέξανδρον

227 3284 380 3345 βαπτίαασα
400 3286 439 3337 καί
458 3287 638 3338 κατευνάσασα
655 3286 776 3353 ἐκπέμπει
794 3286 854 3340 τοὺς
868 3290 914 3339 τοῦ
927 3287 1044 3354 θαλάμου
1057 3284 1183 3354 φύλακας,
1195 3286 1329 3354 προφάσει
1343 3285 1379 3338 ὡς

227 3354 347 3422 λουτροῖς
359 3354 506 3423 χρησομένη
520 3356 560 3409 καί
576 3357 635 3410 τοὺς
647 3356 777 3424 ἀδελφοὺς
789 3357 830 3410 ἐπὶ
846 3358 876 3410 τὸ
893 3357 969 3425 ἔργον
983 3357 1075 3408 ἐκάλει·
1096 3357 1120 3408 οἱ
1132 3356 1160 3409 δὲ
1173 3355 1324 3409 άπεδειλίων
1336 3356 1377 3407 καὶ

161 3427 164 3431 ’
226 3424 343 3491 μάλιστα
357 3425 438 3478 αιἰτῶν
451 3427 464 3477 ὁ
478 3428 606 3481 νεώτατος.
632 3425 647 3493 ἡ
661 3428 689 3479 δὲ
701 3427 770 3480 ἄλλα
783 3450 810 3480 τε
824 3425 1039 3495 διαπειλησαμένη
1054 3427 1093 3479 καί
1106 3427 1139 3481 ὡς
1151 3427 1195 3479 τὸν
1207 3424 1378 3494 Ἀλέξανδρον

227 3495 315 3546 αὐτίκα
328 3494 441 3564 ἀνεγερεί
457 3497 497 3549 καί
514 3496 697 3567 καταγορεύσει
711 3499 793 3550 αιἰτῶν
805 3498 850 3550 τὸν
861 3500 952 3566 φόνον,
966 3496 1070 3566 θαῤῥεῖν
1082 3496 1173 3551 αὐτοὺς
1185 3497 1318 3559 ἐβιάσατο·
1337 3496 1377 3548 καὶ

227 3565 354 3617 κτείνουσι
364 3568 519 3634 κοιμώμενον
529 3569 572 3620 τὸν
581 3566 760 3636 Ἀλέξανδρον.
788 3569 894 3622 Conon.
907 3570 1019 3622 Narrat.
1033 3581 1073 3635 50.
1122 3570 1191 3621 323.
1208 3570 1377 3620 Larisaeus

227 3639 352 3688 Aleuas.
391 3639 564 3690 Buttmanno
579 3638 729 3707 (Abhandl.
744 3639 770 3693 d.
785 3638 888 3692 Berlin.
900 3639 989 3692 Acad.
1007 3639 1080 3706 1823,
1094 3656 1119 3706 p.
1135 3637 1197 3706 203)
1214 3636 1335 3691 creditur
1352 3637 1377 3690 is

228 3723 290 3758 esse
304 3723 388 3774 quem
401 3708 568 3761 Theocritus
582 3709 674 3760 ἄνακτα
689 3708 799 3762 Ἀλεύαν
812 3709 879 3763 dicit
892 3709 944 3762 xvi.
960 3724 1001 3777 34,
1018 3709 1177 3763 Scholiasta
1189 3725 1256 3762 uero
1268 3704 1377 3763 ῗΑλεόαν

226 3778 272 3828 τὸν
283 3778 369 3842 Σίμου.
398 3777 453 3830 Hic
465 3779 570 3831 Aleuas
583 3779 708 3848 aequalis
722 3779 945 3834 Simonidaefuit
958 3790 985 3833 et
998 3780 1078 3833 abeo
1092 3780 1248 3833 celebratus
1261 3787 1319 3832 est:
1339 3778 1375 3831 ab

228 3846 410 3913 Euphorione
430 3858 524 3900 autem
543 3849 675 3917 peculiari
695 3850 788 3903 libello
809 3861 1053 3918 commemoratus,
1073 3860 1144 3904 teste
1164 3849 1248 3902 schol
1270 3849 1376 3902 Theoc.

228 3915 342 3968 Larisae
357 3916 440 3982 (Plat.
456 3920 532 3970 Men.
546 3931 588 3986 70,
601 3919 685 3974 Arist.
700 3922 758 3974 Pol.
772 3939 795 3974 v.
811 3921 834 3973 6.
850 3922 891 3987 13)
905 3922 1002 3974 sedem
1016 3930 1168 3990 posuerunt
1180 3919 1333 3987 Aleuadae,
1346 3928 1376 3972 ut

226 3986 327 4037 horum
335 3987 483 4056 propinqui
494 3989 928 4058 ScopadaeCrannone,fortasse
937 3991 1022 4044 etiam
1032 3990 1166 4044 Pharsali.
1185 3989 1314 4058 (Buttm.)
1329 3991 1376 4041 An

226 4057 282 4108 huc
295 4066 403 4123 spectat
418 4058 502 4112 Diod.
513 4078 556 4113 xv.
566 4060 609 4114 61.
618 4063 685 4128 2-5?
703 4061 750 4114 ubi
763 4072 857 4115 narrat
867 4062 1009 4115 Aleuadas
1020 4061 1175 4128 Larisaeos,
1187 4058 1376 4113 Alexandrum

228 4127 385 4206 Pheraeum
402 4129 550 4195 tyrannide
567 4130 706 4199 depellere
723 4132 858 4199 uolentes,
873 4133 1064 4186 Alexandrum
1079 4131 1266 4184 Macedoniae
1280 4146 1376 4198 regem

227 4213 255 4249 m
280 4196 406 4251 Larisam
427 4198 614 4255 introduxisse
626 4222 633 4267 ;
661 4202 737 4271 quod
759 4220 823 4255 cum
845 4202 985 4270 fecissent,
1007 4203 1082 4255 hunc
1104 4203 1202 4255 urbem
1221 4217 1376 4269 occupasse

226 4277 338 4336 praeter
362 4270 513 4338 acropolin.
567 4275 593 4325 A
618 4289 674 4342 quo
699 4272 722 4326 si
747 4274 937 4327 Aleuadarum
963 4273 1063 4342 aliquis
1088 4272 1250 4326 interiectus
1275 4280 1326 4338 est,
1352 4270 1376 4324 is

260 4409 274 4442 *
292 4407 387 4455 Photius
399 4410 421 4453 in
436 4409 490 4457 Lex.
504 4411 614 4457 Hermian
631 4409 675 4458 τδυ
692 4411 809 4472 εὐνοῦχον
826 4410 876 4459 τδν
893 4410 1050 4475 τρίτρατον
1068 4422 1143 4475 uocat,
1158 4412 1224 4460 simili
1240 4415 1375 4474 contemptu

226 4488 272 4534 quo
285 4474 380 4522 Ouidius
392 4475 447 4522 dicit
458 4479 491 4525 ad
501 4477 643 4525 dominum
656 4480 736 4538 serare
747 4487 817 4527 tuum.
