3038 5010
234 406 290 460 180
694 399 920 461 EXCVRSVS.

232 569 280 613 aut
299 558 460 613 uidentibus
479 569 688 633 superuenerat.
726 559 799 614 Dico
815 558 982 627 Cebrionen,
999 558 1075 613 νόθον
1090 559 1145 612 οἷὸν
1159 557 1286 629 ἀγακλῆος
1303 564 1327 609 Π
1346 557 1384 610 ui-

231 651 299 696 μοιο,
321 639 351 683 ut
376 630 461 684 etiam
488 622 612 685 Medusa
633 649 650 685 a
671 632 823 685 concubina
847 641 909 684 orta
933 640 976 683 est
999 630 1139 699 (Apollod.
1162 630 1239 696 lc),
1261 645 1316 682 eun
1338 646 1384 682 em

232 700 360 767 aurigam
379 701 519 766 Hectoris
533 718 617 781 quem
634 701 732 770 paucis
749 712 815 755 ante
832 701 909 754 horis
925 701 961 754 de
977 717 1058 754 curru
1075 700 1215 754 deiecerat
1230 700 1384 765 Patroclus,

232 771 449 862 addideratque
449 770 569 825 ludibria
583 773 613 824 ll.
628 773 681 825 xvi.
696 785 754 840 745.

436 837 472 892 Ὠ
489 841 600 909 πόποιῆ
619 842 678 934 μαλ’
692 842 840 912 ἐλαφρὸς’
826 842 897 912 ανὴρ,
916 843 950 897 ώς
967 840 1023 911 ῥεῖα
1042 842 1163 910 κυβιστᾷ.

445 912 477 963 Ei
495 910 526 979 δή
544 934 595 965 που
614 915 655 966 καὶ
672 915 756 998 πόντῳ
775 914 803 966 ἐν
821 913 998 1002 ἰχθυόεντι
966 934 1075 983 γενοιτο,

444 982 565 1038 Πολλοὺς
583 983 614 1036 ἂν
632 983 763 1053 κορέσειεν
781 983 842 1052 ἀνὴρ
861 984 904 1036 ὅδε
923 982 1001 1051 τήθεα
1019 984 1103 1070 διφῶν

445 1054 514 1120 Νηδς
531 1053 715 1123 ἅπαθρώσκιον,
734 1055 757 1107 εἶ
774 1055 815 1107 καὶ
834 1051 1062 1142 δυσπεμφελος”
1037 1076 1084 1122 ειη,

361 1150 363 1154 ⁴
444 1121 488 1178 Ὠς
506 1128 551 1177 νῦν
568 1124 596 1178 ἐν
612 1125 692 1214 πεδιῳ
711 1123 769 1192 ε”’ξ
759 1146 842 1178 ιππων
859 1123 915 1192 ῥεῖα
933 1125 1055 1192 κυβιστᾷ.

438 1189 510 1246 ’'H
496 1216 528 1263 ρα
547 1195 588 1247 καὶ
605 1195 633 1249 εὐ
651 1197 771 1262 Τρώεσσι
789 1195 1006 1277 κυβιστητῆρες”
993 1216 1076 1248 εασιν.

268 1267 322 1319 Est
340 1264 416 1319 enim
435 1266 506 1318 haec
525 1281 600 1318 mors
622 1265 778 1320 Cebrionae
798 1265 877 1335 quasi
896 1266 1003 1346 primus
1024 1275 1104 1319 actus
1126 1265 1290 1334 tragoediae
1309 1281 1382 1334 quae

233 1337 319 1390 finem
337 1336 422 1390 habet
438 1345 559 1389 mortem
577 1337 732 1405 Euphorbi.
771 1335 942 1405 Interposita
958 1346 1001 1391 est
1018 1353 1094 1389 mors
1111 1335 1241 1404 Patrocli,
1254 1352 1327 1404 quae
1344 1335 1385 1389 sic

233 1416 371 1461 narratur
415 1406 519 1460 Occiso
546 1407 693 1474 Cebrione,
718 1424 802 1476 super
826 1424 943 1475 corpore
967 1407 1027 1460 eius
1053 1407 1198 1460 decertant
1224 1408 1333 1459 Hector
1357 1415 1385 1458 et

234 1477 380 1530 Patroclus
401 1476 490 1545 (755);
514 1477 631 1531 tandem
650 1477 771 1532 uictores
792 1477 893 1531 Graeci
913 1494 1015 1546 corpus
1036 1477 1165 1531 auferunt
1186 1475 1271 1544 (782).
1310 1475 1385 1529 Dein

235 1548 396 1601 Patroclum
415 1564 432 1600 a
450 1558 530 1615 tergo
548 1548 650 1616 Apollo
672 1565 758 1601 manu
779 1548 890 1628 premit,
908 1548 1020 1616 galeam
1043 1547 1127 1602 deicit
1144 1546 1235 1616 (793);
1260 1563 1325 1600 eum
1344 1546 1386 1599 sic

234 1619 382 1670 confusum
411 1617 590 1685 Euphorbus,
616 1618 671 1671 hoc
696 1618 742 1671 die
770 1619 892 1699 primurn
921 1618 949 1671 in
977 1634 1102 1687 pugnam
1129 1634 1303 1687 progressus,
1328 1617 1386 1670 telo

233 1687 305 1741 sodit
325 1685 416 1756 (812);
445 1689 554 1741 Hector
575 1688 696 1758 denique
718 1688 848 1743 interficit
838 1687 953 1757 t.(822)
988 1691 1063 1742 Tum
1084 1705 1158 1758 quae
1178 1705 1274 1757 pugna
1295 1687 1386 1741 fuerat

234 1758 307 1812 inter
320 1760 475 1813 Hectorem
488 1775 521 1811 ac
536 1760 695 1812 Patroclum
709 1760 744 1813 de
759 1758 906 1827 Cebrione,
919 1759 1020 1813 eadem
1033 1776 1108 1812 nunc
1122 1758 1174 1812 fit
1168 1767 1240 1812 mter
1254 1758 1386 1826 Euphor-

234 1829 302 1882 bum
320 1845 353 1882 ac
372 1829 535 1882 Menelaum
553 1829 589 1882 de
605 1831 753 1883 Patroclo
776 1829 898 1898 denique
917 1830 1101 1898 Euphorbum
1121 1830 1277 1896 Menelaus,
1291 1836 1387 1897 spreta

234 1900 305 2022 eiusi
312 1898 504 1969 inprecatione
521 1897 554 1951 Εἴ
568 1920 611 1952 κεν
625 1900 678 1969 ἐγὼ
694 1900 811 1969 κεφαλὴν
824 1922 853 1954 τε
869 1900 928 1967 τεὴν
940 1910 1003 1967 etc,
1018 1899 1076 1953 imo
1093 1909 1204 1970 gutture
1220 1899 1396 1965 transfixum·

234 1986 287 2039 spo
299 1970 346 2025 rat

272 2043 334 2094 Has
353 2049 410 2095 tres
431 2041 548 2095 heroum
571 2051 676 2096 mortes
696 2040 831 2096 Ouidium
849 2041 934 2096 credo
953 2040 993 2095 ita
1011 2041 1106 2095 animo
1125 2038 1179 2094 sibi
1201 2039 1337 2108 figurasse
1355 2049 1386 2093 ut

235 2127 309 2180 quae
330 2111 421 2180 prima
442 2122 526 2179 esset,
549 2112 715 2181 Cebrionae,
737 2114 811 2166 hanc
833 2130 897 2166 curn
919 2122 1045 2166 extrema
1066 2111 1114 2165 illa
1136 2110 1282 2180 Euphorbi
1305 2109 1386 2190 quasi

169 2224 173 2243 ,
234 2191 371 2262 perpetuo
384 2181 496 2236 uinculo
509 2153 687 2237 donecteret:
707 2200 798 2252 neque
812 2183 899 2236 illud
892 2183 1001 2250 iniuria,
1015 2198 1079 2236 cum
1096 2182 1184 2236 altera
1201 2198 1235 2235 ex
1251 2180 1364 2234 altera
1357 2197 1386 2232 m

235 2251 326 2306 Iliade
345 2253 460 2307 haereat
479 2270 591 2321 semper
607 2270 641 2306 ac
659 2251 791 2322 pendeat.
830 2255 896 2306 Non
916 2223 1095 2307 absuidum'
1088 2253 1173 2321 igitur
1191 2251 1223 2319 si,
1241 2251 1387 2304 alternatis

235 2321 345 2376 uicibus
362 2322 408 2376 let’
389 2332 409 2376 tr
423 2322 609 2376 Troianorum
623 2325 860 2392 Graecorumque,
879 2324 1058 2404 Euphorbus,
1072 2323 1139 2376 dum
1156 2321 1246 2375 hostis
1264 2320 1386 2375 Patrocli

232 2409 337 2461 corpus
356 2392 481 2447 uindicat
499 2402 645 2463 tamquam
660 2411 677 2447 a
693 2410 723 2447 se
737 2393 874 2474 occisum,
893 2393 953 2463 ipse
971 2393 1066 2447 animo
1084 2392 1227 2446 reuolutus
1245 2391 1283 2445 ad
1302 2390 1387 2445 amici

237 2463 395 2518 Cebrionae
413 2463 502 2516 satum
522 2480 606 2533 quem
624 2464 671 2518 hic
688 2463 851 2530 extinxerat,
870 2471 937 2517 uota
954 2466 1073 2518 ςιιιιὶςίνα
1092 2463 1205 2531 fingitur
1221 2461 1387 2531 concepisse

235 2533 341 2618 quibus
359 2533 527 2588 Cebrionem
539 2536 683 2615 fratrem
685 2535 821 2588 Medusae
839 2552 872 2588 ac
893 2535 1098 2588 Priamidarum
1116 2533 1304 2587 ulcisceretur.
1342 2533 1387 2585 Ea

236 2614 285 2658 uot
275 2606 432 2658 t'asznzstra
442 2603 510 2658 dixit
520 2614 685 2685 tamquam
676 2604 704 2657 in
716 2605 912 2687 Euphorbum
912 2604 1115 2659 redundantia·
1109 2604 1175 2673 ‚qui
1186 2603 1262 2657 enim
1275 2611 1386 2671 optarat

236 2684 267 2728 ut
288 2673 411 2728 Menelai
423 2684 519 2756 Ucaput
534 2692 598 2729 cum
617 2675 702 2729 armis
722 2676 749 2728 in
771 2675 871 2730 Panthi
890 2675 953 2729 sinu
973 2674 1152 2745 deponeret'
1145 2691 1206 2743 ipse
1221 2690 1239 2728 a
1253 2674 1387 2727 Menelao

236 2745 346 2799 occisus
359 2744 445 2799 armis
458 2745 573 2799 exuitur.

274 2818 340 2869 Non
360 2832 406 2869 me
417 2815 488 2884 fugit
506 2833 590 2885 posse
608 2818 680 2871 haec
697 2816 866 2886 quibusdam
883 2816 959 2870 dicta
975 2814 1064 2871 uideri
1083 2814 1238 2869 arbitrario.
1277 2813 1387 2894 Quibus

236 2885 306 2940 illud
322 2886 535 2968 responderim:
556 2887 691 2941 Ouidium
705 2887 802 2941 Tomis
819 2888 979 2940 exulantem
996 2903 1053 2940 non
1071 2902 1183 2955 semper
1198 2885 1235 2939 ad
1250 2883 1387 2939 amussim

237 2956 349 3026 singula
360 2957 495 3025 exegisse,
509 2957 560 3012 sed
572 2958 713 3027 quaedam
726 2975 760 3011 ex
775 2956 912 3012 memoria
924 2966 1005 3027 prout
1023 2957 1076 3011 sibi
1090 2956 1185 3011 animo
1198 2955 1388 3009 inhaesissent

237 3037 474 3097 repraesentasse
512 3029 692 3108 Quamquam
716 3045 753 3082 ne
774 3029 829 3081 hoc
851 3026 965 3097 quidem
989 3026 1200 3083 necessarium:
1231 3043 1298 3080 nam
1322 3034 1387 3094 post

239 3100 397 3151 Homerum
425 3099 528 3152 multos
553 3098 632 3152 uaria
659 3099 695 3152 de
720 3098 875 3179 Euphorbo
904 3097 1055 3152 tradidisse
1083 3097 1187 3151 docent
1211 3095 1388 3163 Eustathius,

238 3168 424 3236 Scholiastae,
439 3170 617 3223 Ptolemaeus
632 3168 849 3238 Hephaestion
843 3186 871 3221 1n
883 3168 1009 3222 secundo
1022 3170 1115 3233 Καινῆς
1125 3167 1262 3235 Ἱστοριος.

273 3240 320 3292 Ad
334 3242 401 3305 451,
414 3242 441 3292 2.
466 3239 653 3293 Menedemus
673 3239 774 3293 dicitur
792 3239 919 3306 δαίμον’
905 3241 1043 3308 ετιχώριος
1060 3237 1146 3292 fuisse
1166 3237 1351 3306 Cythniorum
1371 3251 1389 3290 a

239 3311 330 3363 Clem.
342 3311 421 3364 Alex.
436 3311 524 3363 Protr.
542 3311 611 3364 125.

274 3381 321 3434 Ad
333 3383 403 3434 465.
420 3380 516 3434 Verba
529 3397 641 3434 sacras
654 3380 809 3435 macteris
823 3380 863 3435 ad
876 3397 949 3435 aras
962 3379 1069 3449 optime
1082 3377 1285 3434 illustrantur’‘
1268 3395 1301 3433 us
1315 3392 1388 3448 quae

240 3450 379 3531 Diegylis,
403 3468 452 3504 rex
482 3451 633 3518 Thracum,
659 3469 676 3505 a
706 3451 834 3505 Diodoro
862 3451 954 3505 dictus
986 3450 1136 3505 Phalaride
1161 3459 1189 3504 et
1214 3449 1389 3538 Apollodoro

240 3520 413 3589 crudelior,
406 3539 434 3574 m
453 3522 523 3575 duos
542 3522 738 3577 adulescentes
757 3521 886 3591 patrauit.
926 3521 1010 3576 Diod.
1025 3521 1116 3574 xxxiii.
1134 3535 1165 3586 14
1177 3519 1288 3574 Τούτους
1300 3518 1389 3608 ἀμφο-

238 3592 328 3659 τέρους
348 3591 542 3681 καταστεφας(
535 3593 625 3659 ιερείου
644 3593 784 3661 τρόπον’
761 3593 884 3663 εισήγαγε
906 3594 947 3645 καὶ
968 3593 1014 3646 τδν
1035 3594 1082 3661 μὲν
1100 3593 1222 3660 νεώτερον
1243 3590 1391 3644 κατατείνας

238 3664 337 3731 μακρὸν
349 3663 434 3715 διὰ
402 3684 454 3715 των
465 3662 596 3730 ὑπηρετῶν
608 3662 642 3717 ώς
654 3663 735 3731 μέσον
747 3663 889 3732 διακόψαν,
899 3662 1087 3752 ἀνεφώνησεν
1074 3683 1108 3716 ως
1120 3663 1168 3730 οὑχ
1180 3661 1277 3728 ὁμοίοις
1290 3661 1391 3730 ἱερείοις

240 3733 280 3785 δεῖ
298 3733 412 3802 χρῆσθαι
433 3732 492 3787 τοὺς
513 3732 615 3787 ἰδιώτας
636 3733 676 3786 καὶ
696 3734 756 3788 τοὺς
774 3734 902 3796 βασιλεῖς.
939 3733 1080 3787 Κλαίοντος
1097 3732 1125 3785 δε
1145 3736 1192 3785 τοῦ
1208 3731 1390 3801 πρεσβυτέρου

240 3804 281 3857 καὶ
306 3803 476 3891 φιλάδελφον
497 3803 578 3889 πάθος
601 3804 790 3873 προφαίνοντος
814 3805 855 3856 καὶ
879 3801 1029 3858 τιθέντος’
1016 3804 1106 3856 εαντὸν
1130 3802 1180 3856 ὑπὸ
1203 3802 1249 3856 τδν
1272 3802 1391 3868 σιδηρον,

239 3873 387 3941 προσεταξε
399 3876 453 3963 τρῖς
465 3872 599 3941 ὑπηρέταις
611 3874 651 3925 καὶ
663 3878 755 3928 τοῦτον
767 3874 859 3941 ὁμοίως
871 3895 950 3927 τειναι
962 3875 1067 3944 μακρόν.
1104 3873 1287 3938 Διπλασιάζων
1303 3872 1371 3924 δὲ
1344 3894 1391 3940 την

241 3944 368 4012 ὠμότητα,
387 3945 427 3995 καὶ
445 3964 489 4029 μια
479 3944 595 4033 πληγῇ
615 3943 701 3997 καθ’
687 3944 807 4013 εκατέρου
828 3945 997 4013 χρησάμενος,
1015 3945 1043 3997 ἐν
1060 3942 1259 4013 ἀμφοτέροις’
1234 3944 1390 4011 ευστόχησε,

239 4035 327 4067 παιανι
339 4019 390 4065 τῶν
402 3995 558 4080 θεωμενων’
544 4015 752 4083 επισημηνάντων
763 4037 810 4083 την
822 4015 988 4094 κατόρθωσιν.

276 4085 323 4137 Ad
335 4083 404 4138 467.
424 4084 515 4138 Locus
527 4084 688 4139 Philostrati
701 4085 747 4139 hic
760 4097 811 4154 est
822 4084 856 4139 iv.
870 4099 925 4151 147
952 4091 1108 4177 ανναγαγων
1117 4082 1161 4138 ουν
1172 4105 1232 4138 τους
1239 4081 1391 4173 Ἐφεσίους,

242 4158 379 4243 Θαρσειτε,
391 4155 454 4247 εφηζ
464 4176 574 4246 τηρερον
584 4157 636 4242 γὰρ
648 4154 740 4210 παὺσω
753 4178 798 4224 την
810 4158 897 4221 νόσον,
910 4156 950 4208 καὶ
969 4156 1046 4242 εἰπών
1062 4153 1076 4222 ἧ
1096 4176 1122 4207 εν
1138 4155 1283 4222 ἡλικίαν
1249 4175 1336 4208 πασαν
1348 4154 1392 4207 ἐπὶ

242 4228 272 4280 τὸ
290 4225 422 4314 θεατρον,
424 4195 454 4277 οὑ
473 4227 566 4277 τὸτοῦ
584 4223 774 4310 Αποτροπαίαυ
791 4225 899 4292 ιδρυται·
920 4224 1061 4294 πτωχεὺειν
1078 4177 1109 4278 δέ
1126 4247 1165 4279 τις
1182 4224 1291 4317 ἐνταῦθα
1308 4224 1391 4277 ε’δόκει

241 4319 325 4385 γερων
348 4294 459 4362 ε’πιμὺων
482 4295 541 4350 τοὺς
565 4295 767 4365 όφθαλμοὺς’
741 4318 827 4366 τεχνη,
848 4297 888 4348 καὶ
912 4318 996 4387 πηραν
1015 4297 1094 4365 ἔφερε
1116 4296 1157 4349 καὶ
1178 4295 1257 4365 ἄρτου
1277 4295 1306 4347 ἐν
1327 4295 1392 4361 αὑτῇ

242 4367 386 4461 τρὺφος,
368 4366 464 4456 ράκεσί
487 4388 515 4419 τε
535 4365 666 4457 ηρφίεστο
688 4368 728 4420 καὶ
750 4367 887 4437 αὐχμηρῶς
907 4362 960 4436 εἶχε
981 4369 1028 4456 τρῦ
1048 4368 1201 4436 προσώπου.
1231 4364 1393 4432 περιστήσας

242 4437 288 4529 qvir
299 4439 359 4493 τοὺς
377 4437 548 4507 Εφεσίους’
520 4439 596 4507 αυτῷ,
607 4439 721 4490 Βάλλετε
733 4439 778 4490 τών
788 4438 855 4492 θεοις
866 4431 1005 4506 ἐχθρὸν,’
979 4459 1042 4504 ειπε,
1052 4437 1281 4527 ξυλλεξάμενοι
1249 4457 1300 4489 των
1312 4437 1393 4488 λίθων

244 4510 278 4564 ώς
294 4510 406 4563 πλείους
434 4490 612 4575 θαυμαζόντων
630 4508 658 4561 δὲ
676 4513 727 4560 τών
744 4506 908 4577 Ἐφεσίων“
893 4529 916 4573 ο,
933 4530 957 4562 τι
976 4508 1058 4578 λέγοι,
1077 4509 1117 4560 καὶ
1137 4505 1248 4560 δεινόν’
1236 4507 1392 4598 ηγουμένων,
