3038 5010
227 392 286 453 136
628 387 975 450 COMMENTARIVS.

226 549 289 602 Cer.
303 546 417 615 67-115,
427 561 511 616 quem
524 545 610 599 modo
620 547 737 615 χαλεπόν
748 567 776 598 τε
789 545 829 598 καὶ
841 545 932 633 ἄγριον
943 545 1027 613 λιμὸν,
1037 541 1138 599 Αἴθωνα
1150 545 1279 634 κρατερόν,
1290 544 1378 599 modo

225 619 304 671 κακὰν
325 616 525 708 βούβρωστινὶ
511 627 602 671 uocat.
643 629 710 685 105-
714 632 763 669 110
780 619 863 684 Χῆραι
881 617 928 682 μὲν
946 616 1063 704 μάνδραι,
1081 618 1162 669 κενεαὶ
1181 615 1208 669 δε·
1225 638 1269 685 μοι
1290 619 1379 671 011111

226 689 273 774 »idq
292 687 470 757 Τετραπόδων
496 669 544 756 phy
564 688 615 778 γὰρ
636 686 816 756 ἀπηρνησαντα
837 687 962 778 μάγειροι.
980 683 1065 740 Ἀλλὰ
1086 687 1127 740 itui
1147 686 1240 753 οὐρῆας
1260 689 1379 756 μεγαλᾶν

225 757 360 813 balivam
381 760 488 826 ἀμαξᾶν,
509 759 558 810 Και
577 759 625 809 τὰν
645 759 700 821 βῶν
724 758 830 827 ἔφαγεν,
851 759 898 811 τὰν
917 755 1009 825 Ἐστίρ
1028 758 1121 848 ἔτρεφε
1145 758 1237 825 μάτηρ,
1259 758 1309 811 Καὶ
1332 758 1379 811 τὸν

225 829 392 897 ἅεθλυφόρον
404 829 445 881 καὶ
456 829 501 881 τὸν
512 825 676 918 crollepr'yiov‘'
665 849 750 892 ιππον,
764 828 812 879 Kui
827 828 873 879 τὰν
889 824 1061 919 αἴλουρον,
1034 850 1081 881 ταν
1095 828 1184 897 ἔτρεμε
1202 827 1276 896 θηρία
1292 828 1376 896 perid.

228 901 295 968 lpse
314 898 506 967 Erysichthon
526 895 609 950 Αἴθων
628 897 843 966 cognominatus
862 897 938 952 est
924 919 963 952 οτι
982 896 1011 964 ἦν
1029 898 1162 964 ἄπληστος
1179 899 1260 967 βορᾶς
1272 899 1377 952 Athen.

226 970 288 1035 416.
359 972 429 1024 421.
448 971 540 1032 dapis
552 971 717 1023 humanae
753 968 850 1037 Eurip.
865 969 986 1036 Meleag.
999 969 1032 1022 fr.
1047 981 1093 1037 541
1111 969 1214 1022 Nauck
1227 968 1272 1024 1111
1284 968 1378 1035 ανδρο

225 1043 329 1108 βρῶτο1
341 1038 433 1106 ἡδονὰς
450 1039 570 1107 ἀφίξεται
584 1039 685 1107 Κάρηνα
697 1041 809 1107 πυρσαῖς
820 1038 910 1107 γένυσι
924 1039 1091 1092 Μελανίππου
1104 1042 1217 1093 σπάσας.
1253 1055 1378 1103 quaque
1450 1095 1453 1098 ,

225 1113 321 1164 Parte
332 1115 422 1173 potes
435 1126 491 1177 ore,
501 1126 558 1162 non
571 1126 666 1162 manu.
694 1111 771 1162 Nam
784 1109 898 1177 Tydeus
910 1126 996 1163 manu
1008 1108 1184 1177 fortissimus,
1198 1126 1246 1163 ore
1260 1109 1378 1164 corrosit

226 1191 312 1249 caput
335 1179 500 1261 Menalippi‚
523 1190 553 1233 ut
573 1179 674 1233 iterum
696 1189 825 1233 narratur
846 1192 904 1248 515.
984 1182 1055 1234 428.
1082 1183 1206 1244 'l'ydeue
1225 1183 1379 1262 temporie
1432 1217 1434 1221 -

225 1254 322 1304 huius
343 1252 426 1304 Mart.
444 1267 490 1304 xu.
504 1264 546 1317 32.
560 1251 663 1318 9Irus
683 1255 798 1303 tuomum
819 1254 982 1319 temporum.
1022 1250 1182 1319 Shakspere
1202 1251 1326 1319 Cymb.¹
1319 1250 1347 1304 ri.
1364 1263 1377 1318 5

229 1321 288 1375 The
306 1322 386 1374 11100
405 1321 440 1390 of
450 1320 515 1373 that
532 1322 605 1374 time.
677 1323 748 1374 429.
766 1323 882 1384 aliquid
904 1338 968 1374 cum
986 1320 1114 1404 emphasi
1134 1320 1249 1389 dictum,
1266 1322 1380 1390 grande

226 1392 363 1461 quiddam
383 1390 461 1474 (Sen.
482 1392 553 1458 Thy.
567 1390 630 1459 270)
641 1391 726 1474 quale
745 1390 796 1444 fuit
813 1390 891 1445 Atrei
909 1390 1017 1444 facinus
1036 1392 1089 1459 qui
1102 1393 1217 1460 cupiens
1229 1409 1248 1444 a
1264 1391 1380 1461 Thyeste

216 1463 317 1533 fratre
334 1479 385 1514 suo
403 1463 529 1514 iniurias
545 1463 647 1545 exequi
661 1463 693 1513 in
707 1463 837 1531 gratiam
853 1478 915 1514 eum
932 1478 962 1514 eo
979 1461 1064 1514 rediit
1074 1467 1103 1515 et
1119 1463 1151 1514 in
1163 1478 1281 1532 reguum
1294 1479 1379 1515 suum

226 1550 290 1586 eum
303 1533 418 1586 reduxit
418 1532 564 1601 ‚filiosque
579 1534 640 1584 eius
656 1532 779 1602 infantes
795 1532 949 1585 Tantalum
968 1537 995 1584 et
1005 1531 1177 1585 Plisthenem
1194 1533 1293 1586 occidit
1308 1534 1361 1586 et'
1347 1549 1380 1586 10

226 1603 318 1673 epulis
335 1602 449 1671 Thyesti
459 1603 599 1672 apposuit.
635 1604 688 1671 qui
697 1619 760 1655 cum
773 1608 931 1655 uesceretur
940 1602 1048 1656 Atreus
1060 1604 1215 1672 imperauit
1226 1602 1341 1656 brachia
1353 1608 1382 1657 et

227 1690 279 1727 ora
296 1677 453 1753 puerorum
474 1673 578 1741 afferm'.
616 1673 648 1725 01
665 1673 699 1725 id
715 1672 851 1726 scelust
824 1673 909 1726 etiam
927 1673 971 1726 sol
986 1689 1100 1726 cursum
1118 1675 1225 1726 auertit
1244 1675 1318 1742 Hyg.
1336 1674 1379 1728 88.

228 1743 316 1797 Filios
335 1742 468 1812 Thyestis
488 1743 599 1811 Aglaon
619 1743 819 1796 Orchomenon
834 1743 947 1796 Kaleon
966 1742 1093 1796 nominat
1113 1743 1206 1796 Schol.
1220 1744 1313 1798 Orest.
1327 1745 1379 1798 812

228 1813 400 1880 (Muncker).
490 1815 561 1867 430.
581 1816 646 1867 Gur
662 1822 776 1882 propter
788 1813 865 1882 quod
877 1816 954 1867 eolis
965 1816 1038 1877 equi
1050 1816 1223 1868 exsternati
1235 1813 1378 1868 conterriti

229 1883 333 1965 (Met.
326 1902 343 1938 1.
357 1884 417 1951 641,
437 1881 473 1937 xi
487 1883 533 1952 77)
550 1889 685 1948 agantur
703 1900 723 1937 a
740 1899 871 1948 uespere
889 1901 924 1937 ex
942 1883 1089 1937 occidente
1107 1899 1219 1938 rursus
1237 1894 1379 1938 retroacto

228 1953 328 2009 itinere
345 1958 386 2008 ed
403 1959 501 2008 ortua.
539 1955 645 2008 Multus
665 1965 708 2008 est
721 1953 749 2007 in
763 1955 816 2007 hac
832 1971 862 2008 re
876 1954 1062 2008 describenda
1075 1955 1186 2008 Seneca
1197 1955 1313 2022 Thyest.
1327 1955 1380 2022 776

228 2042 291 2094 sqq.
300 2026 351 2090 784
360 2026 478 2077 uerteret
485 2041 586 2077 carmes
595 2025 659 2078 luet
666 2026 730 2078 Sibi
737 2026 797 2094 ipse
806 2024 892 2078 Titan
902 2025 1014 2078 obuium
1022 2025 1123 2078 ducens
1132 2027 1188 2077 iter
1197 2025 1225 2077 T
1221 2026 1380 2094 enebmsque

218 2097 340 2164 facinus
356 2095 457 2148 obruat
477 2100 581 2148 tetrum
600 2096 683 2148 00011
698 2097 768 2148 Nox
787 2097 873 2148 missa
890 2095 925 2148 ab
943 2101 1008 2149 ortu
1026 2099 1148 2164 tempore
1163 2095 1255 2148 alieno
1266 2098 1379 2166 graues,

229 2175 257 2220 et
278 2165 306 2218 in
327 2166 413 2255 choro
433 2166 485 2233 789
504 2181 566 2255 sqq.
603 2164 764 2220 Praeiuerat
766 2165 881 2255 Eurip.
901 2167 993 2220 Orest.
974 2174 1095 2219 t1oo-1
1099 2179 1166 2255 1004
1183 2165 1231 2219 ubi
1252 2166 1346 2220 Schol.
1365 2168 1380 2218 ὁ

228 2235 302 2304 ἥλιος
325 2236 359 2303 μὴ
384 2237 495 2303 στέρξας
518 2239 547 2287 τὸ
571 2236 720 2305 παράνομον
743 2236 802 2302 μίαν
826 2234 920 2319 ἡμέραν
941 2236 969 2288 ἐκ
990 2235 1096 2303 δυσμῶν
1113 2239 1179 2302 πρὸς
1199 2235 1232 2289 ἕω
1254 2234 1380 2305 διφρεύει.

228 2308 295 2360 431.
313 2309 498 2370 Lycaoniae.
514 2305 588 2373 Hyg
603 2306 651 2371 176
664 2307 802 2375 Lycaonis
810 2307 864 2376 fil'
850 2323 871 2359 u
839 2307 982 2360 l'Jouem
994 2311 1103 2359 tentare
1115 2306 1268 2359 uoluerunt
1278 2307 1381 2359 deusne

228 2382 336 2459 essetyet
347 2392 459 2428 carnem
471 2376 625 2429 humanam
637 2392 701 2430 cum
717 2382 805 2430 cetera
817 2393 901 2431 carne
917 2378 1150 2431 commiscuerunt
1160 2377 1269 2445 idque
1255 2393 1286 2430 10
1298 2377 1381 2446 epulo

228 2449 256 2500 ei
274 2448 556 2516 apparueruntque
570 2451 722 2517 postquam
742 2449 836 2525 sensit,
848 2448 942 2501 110101
965 2464 1089 2500 mensam
1112 2449 1221 2514 euertit
1243 2448 1382 2517 Lycaonis

222 2517 565 2588 71110110101010110011
603 2518 708 2571 Versus
721 2535 755 2570 ex
769 2486 869 2572 Meti.
887 2517 934 2586 165
948 2527 1085 2604 sumptus.
1189 2520 1259 2573 433.
1277 2521 1381 2581 posito

231 2588 269 2641 ad
288 2587 494 2641 comedendum
513 2587 993 2668 011011101110111561111111
1008 2593 1141 2652 temptet
1153 2604 1224 2641 iram
1236 2597 1380 2656 prouocet

230 2661 303 2712 434.
328 2661 510 2712 Tantalides
532 2659 634 2727 Pelops
656 2668 685 2712 ut
707 2657 791 2712 Trist.
772 2656 838 2712 tii.
858 2659 916 2726 38.5
942 2659 1015 2727 Hyg.
1034 2659 1067 2726 83
1089 2659 1190 2726 Pelops
1215 2658 1334 2712 Tantali
1355 2663 1384 2712 et

229 2729 337 2782 Diaeus
349 2729 480 2782 Atlantis
487 2728 571 2799 filiae
580 2730 666 2799 filius
683 2746 746 2783 eum
758 2730 852 2782 esset'
838 2746 870 2782 10
882 2730 973 2798 epulis
984 2729 1099 2782 deorum
1111 2747 1130 2781 a
1146 2729 1267 2782 Tantalo
1279 2746 1381 2796 caesus,

229 2798 376 2852 brachium
405 2800 466 2852 eius
497 2800 577 2853 Ceres
606 2801 785 2869 consumpsit
833 2803 918 2853 Pelei
938 2815 1025 2863 puer.
1055 2801 1131 2867 Hyg.
1156 2799 1208 2852 206
1234 2799 1383 2869 Clymenus

159 2900 163 2907 ·
229 2869 367 2923 Schoenei
374 2870 466 2943 filius
470 2885 524 2923 rex
537 2869 689 2939 Arcadiae,
697 2886 792 2923 amore
808 2874 908 2940 captus
924 2886 987 2924 cum
999 2870 1161 2938 Harpalyce
1170 2871 1382 2993 711ιο610000-

231 2940 333 2993 cubuit
369 2957 402 2992 ea
422 2955 485 2992 cum
502 2942 662 3010 peperisset,
681 2942 713 2993 in
733 2957 748 2993 e
743 2940 825 3009 pulis
837 2942 937 3021 filium
957 2941 1098 3009 apposuit
1104 2941 1194 3009 patri.
1234 2941 1384 3021 Clymenus

227 3014 316 3080 pater
325 3011 479 3080 recognita
491 3011 673 3098 Harpalycen
685 3011 831 3080 interfecit
870 3010 927 3064 Hic
941 3011 1093 3078 Clymenus
1106 3027 1124 3062 a
1137 3011 1289 3064 Parthemo
1302 3012 1382 3065 Erot.

233 3094 266 3148 13
289 3079 421 3149 Κλύμενος
443 3082 457 3132 ὁ
478 3080 716 3148 Trltusdicitu13
744 3081 819 3135 unde
836 3083 914 3150 puer
930 3081 1007 3134 Telez
1022 3079 1124 3149 poterit
1142 3080 1189 3134 hic
1207 3080 1302 3134 uocari
1322 3080 1383 3135 siue

231 3155 437 3231 παππωνυμικῶς
454 3161 484 3205 ut
504 3153 622 3215 Perseus
644 3151 733 3205 Met.
726 3169 762 3205 ιν.
775 3164 824 3218 771
843 3167 861 3204 0
878 3167 985 3220 proauo
1005 3150 1191 3220 Agenorides,
1211 3150 1382 3205 Protes1laus
1399 3180 1404 3184 ·

231 3229 261 3275 et
291 3220 364 3275 Aiax
394 3222 431 3275 ab
456 3239 510 3275 auo
536 3210 712 3290 PhylacideS,
737 3221 877 3276 Aeacides
903 3222 1038 3290 (Euphor.
1065 3222 1098 3275 fr.
1124 3219 1170 3288 36)
1201 3221 1349 3275 nominant
1351 3239 1384 3275 ur

234 3290 335 3360 (Mein.
355 3293 438 3346 Anal.
456 3293 535 3347 Alex.
554 3310 582 3362 p.
595 3291 650 3360 70),
670 3292 729 3347 siue
749 3293 825 3374 quod
843 3291 922 3346 Telei
941 3291 1022 3359 filius,
1040 3309 1097 3345 non
1116 3291 1244 3360 Clymeni
1262 3290 1383 3346 traditus

232 3363 323 3417 tuerat
343 3363 379 3417 ab
398 3379 432 3417 eo
445 3377 536 3444 quem
554 3362 600 3416 hic
619 3362 744 3432 sequitur
763 3362 891 3418 Ouidius.
928 3363 1001 3415 Rem
1014 3370 1056 3416 ter
1068 3372 1162 3416 narrat
1177 3361 1308 3430 Hyginus
1321 3363 1382 3430 206,

234 3434 296 3501 238,
307 3433 367 3502 246,
378 3450 434 3503 quo
444 3432 473 3486 in
486 3433 584 3487 ultimo
594 3434 657 3487 loco
670 3433 753 3487 simul
763 3442 1019 3487 commemorantur
1028 3449 1075 3502 qui
1068 3431 1160 3485 ‘filios
1171 3448 1237 3486 suos
1248 3432 1276 3486 in
1290 3432 1381 3501 epulis

233 3514 468 3584 consumpserunt
487 3505 594 3557 Ter'eus
613 3505 752 3572 Thyestes
773 3505 933 3572 Clymenus.
973 3503 1001 3555 T
997 3503 1100 3556 erezdm
1112 3507 1189 3572 puer
1205 3512 1233 3557 et
1253 3519 1271 3556 a
1288 3520 1384 3571 gram·

233 3573 339 3628 matica
359 3575 492 3655 abhorret
512 3584 540 3628 et
558 3592 576 3627 a
596 3575 680 3629 MSS.
763 3579 834 3629 435.
851 3578 933 3628 latos
951 3571 1027 3627 idem
1045 3583 1088 3627 est
1107 3575 1165 3627 fere
1183 3574 1260 3642 quod
1277 3574 1334 3627 late
1352 3582 1383 3628 ut

234 3644 367 3712 Georgst
361 3662 396 3699 ιν.
418 3657 467 3713 5²²
489 3645 670 3715 Discerptum
688 3644 798 3698 10101·
784 3661 913 3699 iuuenem
933 3648 1060 3713 sparsere
1076 3648 1137 3725 per·
1151 3660 1243 3713 agros.
1313 3646 1383 3699 431

234 3730 314 3778 quae
332 3714 454 3782 Absyrti.
485 3718 606 3778 patriae
624 3717 731 3769 Aeetae
748 3715 845 3784 patris.
866 3714 923 3769 Cic.
943 3714 978 3769 de
999 3716 1036 3769 N.
1054 3714 1117 3768 D.
1110 3713 1147 3769 111.
1167 3714 1209 3768 26.
1228 3714 1262 3795 67
1281 3714 1384 3767 Medea

166 3820 169 3825 -
228 3789 344 3855 patrem
351 3787 535 3854 patriamque
538 3785 658 3855 fugiens
676 3795 851 3855 postquam
868 3795 963 3854 pater
979 3783 1258 3866 Adpropinquat
1252 3801 1384 3854 1amque

234 3871 339 3924 paene
364 3863 398 3909 ut
423 3856 717 3923 conprehendatur
743 3866 847 3925 parat,
878 3857 1015 3909 Puerum
1045 3854 1178 3909 interea
1202 3864 1384 3923 optruncat

235 3924 450 4004 membraque
469 3925 676 3980 articulatim
696 3925 826 3994 diuidit,
846 3927 975 3995 Perque
994 3943 1092 4007 agros
1110 3924 1238 3995 passim
1257 3924 1384 3994 disper-

235 3994 284 4063 git
297 4010 436 4064 corpus:
457 3994 489 4048 id
502 4012 540 4049 ea
553 3995 670 4064 gratia,
683 3998 733 4065 Vt,
747 3997 822 4050 dum
838 3996 908 4051 nati
922 3995 1107 4066 dissipatos
1124 4005 1216 4050 artus
1229 4004 1384 4064 captaret

235 4081 366 4134 parens,
381 4065 483 4134 Ipsa
476 4076 603 4120 interea
622 4067 797 4147 effugeret,
815 4066 906 4121 illum
923 4077 957 4121 ut
974 4083 1103 4120 maeror
1121 4066 1271 4120 tardaret
1288 4066 1384 4135 sequi

235 4135 309 4188 Sibi
330 4137 471 4190 salutem
490 4146 524 4190 ut
543 4136 701 4191 familiari
720 4148 853 4207 pareret
871 4136 1063 4206 parricidio,
1214 4139 1284 4192 43‘1.
1302 4139 1385 4191 Aere

236 4206 292 4260 abl.
314 4204 441 4261 instrum.
461 4206 547 4276 ‘May
565 4225 621 4277 you
640 4218 724 4289 count
714 4208 805 4263 terteit
826 4208 961 4262 veritable
980 4207 1108 4261 bullocks
1127 4205 1193 4261 with
1211 4208 1260 4261 the
1281 4206 1385 4262 brazen

235 4275 338 4345 engine
360 4277 393 4330 ol
410 4277 544 4331 Perillus'
564 4287 594 4332 ut
618 4280 657 4332 M.
677 4278 731 4333 xiv.
750 4292 797 4348 521
812 4279 941 4347 saltuque
961 4280 1092 4332 imitatus
1112 4279 1220 4348 agresti
1240 4275 1385 4360 (choreas),

235 4350 271 4401 A.
291 4350 325 4403 Α.
348 4346 365 4402 1
387 4348 436 4400 611
460 4350 654 4418 imitandaque
678 4350 799 4403 uulnera
819 4350 920 4403 uerbis
956 4348 1042 4402 Aliud
1063 4358 1105 4403 est
1126 4348 1282 4402 Perilleo'
1268 4364 1300 4401 10
1322 4366 1386 4402 aere

238 4417 322 4473 Trist.
341 4437 367 4472 v.
390 4433 411 4472 1.
432 4431 471 4487 53.
499 4419 616 4473 Perillus
643 4419 688 4489 (A.
707 4420 767 4475 A.
761 4437 777 4475 1.
797 4420 860 4488 653)
885 4429 983 4473 auctor
1007 4418 1058 4472 fuit
1081 4417 1223 4472 Phalaridi
1248 4427 1278 4472 ut
1303 4429 1385 4473 tauro

236 4490 346 4545 aheneo
364 4504 448 4559 quem
471 4488 531 4559 ipse
550 4489 736 4546 fabricauerat
755 4491 835 4544 uiuos
857 4489 1019 4545 includeret.
1048 4488 1174 4544 Perilaus
1193 4499 1235 4544 est
1255 4488 1385 4544 Diodoro
