3038 5010
180 390 249 452 xxiv
594 385 921 448 PROLEGOMENA.

181 548 238 607 tria
258 545 382 605 nomina
401 560 463 602 non
487 543 675 619 coniungere,
697 544 750 604 sed
774 563 866 603 unum
888 553 1000 603 tantum
1025 553 1075 603 aut
1095 552 1172 604 certe
1194 543 1253 603 duo
1274 561 1337 602 non

183 628 345 699 excedere3
375 625 612 702 distinguendum
638 625 722 701 igitur
743 635 811 701 post
832 624 974 697 Seuerum,
997 635 1028 684 ut
1049 625 1240 701 Longulanus
1264 626 1338 684 alius

183 711 249 786 quis
264 718 293 767 et
308 707 426 785 quidem
440 707 559 782 ignotus
574 707 618 765 sit.
658 705 748 776 Quod
763 725 941 783 quamquam
956 716 1066 765 certum
1081 717 1207 778 nonest,
1222 725 1290 764 nam
1305 716 1337 764 ut

183 791 257 849 nihil
270 789 366 848 dicam
380 787 417 846 de
432 788 474 846 M.
486 787 579 846 Accio
594 787 706 853 Plauto,
722 786 810 846 habet
826 789 916 846 index
929 788 992 846 libri
1006 789 1035 847 iii
1049 788 1086 846 L.
1101 788 1181 846 Ateio
1197 787 1336 863 Capitone,

185 872 261 931 adeo
280 880 379 928 tamen
401 879 445 928 est
463 886 536 927 uero
557 868 651 927 simile
667 878 699 926 ut
713 867 845 927 Brunnio
861 866 910 947 (de
924 869 1011 929 Auct.
1025 869 1091 928 ind.
1108 870 1180 928 Plin.
1195 887 1225 945 p.
1240 867 1292 946 43)
1307 877 1337 927 et

185 950 356 1011 Detlefseno
372 950 413 1008 sic
427 950 525 1026 potius
540 949 810 1026 interpungentibus
824 950 906 1008 facile
921 950 1085 1027 adstipuler.

225 1032 281 1091 Est
308 1033 359 1109 qui
386 1050 404 1089 a
430 1031 544 1090 Seneca
567 1031 598 1088 in
619 1030 833 1090 Controuersiis
861 1033 977 1109 saepius
1003 1051 1070 1091 curn
1093 1031 1198 1090 Cassio
1224 1029 1336 1090 Seuero

185 1124 372 1184 memoratur,
394 1114 439 1171 uir
460 1130 523 1170 non
547 1111 694 1171 dissimilis
713 1112 831 1186 ingenii,
853 1113 891 1171 T.
913 1113 1069 1172 Labienus.
1111 1114 1148 1171 In
1167 1113 1225 1171 hoc
1246 1114 1338 1172 multa

187 1205 255 1256 sunt
268 1213 344 1271 quae
358 1194 388 1251 in
404 1194 488 1253 Ibide
505 1194 697 1270 requiruntur.
740 1193 808 1251 Sen.
824 1193 909 1252 Cont.
925 1213 944 1252 x
959 1194 1049 1253 Praei
1066 1214 1084 1268 4
1099 1194 1145 1252 De
1161 1193 1197 1252 Τ.
1212 1193 1338 1253 Labieno

186 1277 389 1352 interrogatis?
409 1276 576 1333 declamauit
587 1294 640 1332 non
654 1274 759 1349 quidem
777 1277 883 1349 populo,
899 1276 947 1333 sed
956 1278 1071 1352 egregie.
1114 1296 1167 1334 non
1181 1276 1340 1334 admittebat

178 1359 314 1434 populum
324 1362 351 1414 et
361 1357 427 1432 quia
440 1357 558 1414 nondum
572 1357 639 1414 baec
648 1357 807 1413 consuetudo
816 1364 880 1414 erat
891 1358 1004 1415 inducta
1015 1365 1041 1415 et
1052 1359 1118 1432 quia
1129 1358 1247 1433 putebat
1258 1363 1339 1431 turpe

186 1461 219 1498 ac
220 1440 352 1516 friuolae
366 1439 530 1495 iactationis.
572 1438 727 1516 oayectauit
738 1439 809 1495 enim
822 1440 974 1496 censorium
988 1440 1173 1513 supercilium,
1187 1457 1247 1497 cum
1261 1439 1338 1496 olcus

186 1521 280 1580 anemo
294 1526 379 1577 esset:
397 1537 517 1595 magnus
535 1525 629 1576 orator
647 1520 700 1594 qui
713 1521 800 1576 multa
815 1519 1002 1592 impedimenta
1016 1521 1157 1591 eluctatus,
1172 1520 1213 1577 ad
1217 1521 1337 1595 famam

187 1603 285 1679 ingeni
295 1600 484 1675 confitentibus
493 1601 587 1675 magis
596 1599 752 1658 bominibus
758 1607 927 1675 peruenerat
934 1620 1017 1676 quam
1028 1602 1186 1660 uolentibus.
1209 1618 1338 1660 summa

187 1693 322 1759 egestas
344 1692 426 1753 erat,
448 1699 578 1740 summa
598 1680 749 1752 infamia,
771 1699 935 1740 summum
957 1681 1081 1741 odium.
1124 1701 1227 1759 magna
1247 1687 1337 1739 auum

186 1764 261 1823 debet
271 1782 326 1821 csse
340 1764 488 1839 eloquentia
501 1781 569 1837 quae
586 1763 687 1819 inut'tcs
697 1763 833 1836 placeat,·
854 1769 951 1822 etcum
966 1765 1078 1840 ingem'a
1085 1766 1183 1841 fauor
1195 1764 1338 1822 bominum

186 1846 315 1914 ostendat,
327 1847 423 1921 fauor
437 1845 505 1914 alat,
519 1850 652 1918 quantam
666 1845 724 1900 uim
739 1863 793 1901 esse
806 1850 911 1919 oportet
925 1862 994 1918 quae
1008 1847 1081 1903 mter
1096 1845 1234 1903 obstantia
1247 1863 1337 1902 erum-

182 1931 260 2002 pat?
279 1944 354 1983 nemo
370 1931 433 1983 erat
444 1925 496 2000 qui
513 1943 567 1982 non
586 1943 647 1982 cum
664 1924 775 1982 homini
789 1926 882 1982 omnia
896 1926 1015 1996 obiceret,
1030 1927 1138 2003 ingenii)
1152 1927 1268 1983 multum
1283 1927 1337 1983 tri-

187 2008 285 2066 bueret.
329 2007 403 2065 color
425 2007 559 2063 orationis
579 2008 716 2080 antiquae,
738 2008 821 2082 uigor
841 2025 935 2077 nouae,
957 2008 1046 2065 cultus
1066 2010 1138 2065 c'nter
1158 2014 1283 2065 nostrum
1299 2026 1338 2064 -ac

182 2091 267 2164 prius
276 2088 413 2146 saeculum
424 2087 534 2159 medrus,
547 2087 670 2143 utillum
680 2081 771 2160 posset
782 2094 898 2163 utraque
903 2097 977 2161 pars
987 2089 1044 2146 sibi
1054 2090 1204 2146 uindicare.
1225 2087 1338 2152 libertas

187 2175 274 2240 tanta,
289 2176 322 2226 ut
333 2168 469 2226 libertatis
483 2185 577 2224 nomen
590 2168 731 2226 excederet
741 2175 772 2239 et,
788 2169 865 2244 quia
879 2169 1005 2244 passim
1019 2169 1154 2228 ordines
1168 2168 1337 2228 homines-

188 2268 255 2328 que
275 2249 433 2321 laniabat,
455 2247 582 2307 Rabies
602 2257 801 2322 uocaretur;
830 2253 942 2307 animus
962 2252 1034 2310 z'nter
1051 2253 1123 2309 uitia
1143 2253 1239 2327 ingens
1256 2257 1283 2307 et
1300 2250 1341 2307 ad

187 2332 396 2390 similitudimm
419 2331 516 2404 ingeni
537 2331 586 2387 sui
602 2330 737 2387 mblentus
757 2333 810 2405 qui
825 2330 1008 2405 Pompeeitnos
1027 2335 1145 2408 spiritus
1165 2333 1284 2390 nondum
1307 2333 1337 2389 in

187 2419 267 2471 tanta
275 2422 345 2487 pace
350 2413 494 2487 posuisset.
537 2413 568 2467 in
588 2411 638 2469 boc
645 2413 773 2485 prz'mum
787 2415 944 2488 excogitata
957 2420 998 2471 est
1009 2433 1081 2472 noua
1091 2424 1194 2489 poena:
1217 2413 1338 2488 effectum

187 2501 228 2552 est
239 2497 311 2552 enim
321 2504 373 2569 per
387 2494 512 2550 inimicos
525 2494 583 2549 eius
597 2498 630 2548 ut
641 2510 730 2549 amnes
744 2493 816 2551 libri
825 2493 1062 2552 comburerentur:
1083 2515 1127 2552 res
1140 2514 1212 2553 noua
1225 2501 1252 2552 ct
1263 2496 1337 2551 inui-

187 2578 273 2634 sitato
290 2575 455 2649 supplicium
474 2575 505 2630 de
520 2574 622 2631 studiis
639 2576 722 2633 sumi.
764 2575 829 2633 bono
848 2576 970 2633 hercules
984 2576 1096 2651 publico
1115 2579 1170 2634 ista
1191 2577 1221 2634 in
1236 2585 1338 2649 paucas

189 2659 331 2733 ingemina
341 2656 490 2714 crudelitas
499 2661 564 2729 post
574 2653 730 2712 Ciceronem
741 2657 853 2713 inuenta
863 2663 917 2714 est:
932 2658 1081 2732 quidenim‘
1081 2660 1221 2737 futurum
1224 2658 1301 2735 suit,
1311 2658 1341 2714 si

188 2739 352 2797 triumuiris
365 2736 489 2794 libuisset
500 2742 526 2792 et
537 2737 678 2810 ingenium
690 2735 833 2796 Cc'cerom's
839 2739 1033 2816 proscriberet
1052 2746 1118 2796 sunt
1126 2740 1160 2796 di
1171 2739 1338 2796 immortales

189 2820 259 2876 lenti
268 2819 376 2894 quidem
390 2818 438 2875 sed
447 2819 518 2874 certi
529 2818 651 2875 uindices
661 2821 774 2893 gemnis
787 2819 908 2877 humani
917 2827 944 2877 et
955 2840 1059 2895 magna
1072 2821 1199 2895 exempla
1215 2820 1245 2876 in
1258 2825 1341 2894 caput

189 2901 385 2958 inuenientium
399 2904 531 2975 regerunt
542 2918 576 2956 ac
590 2901 743 2957 iustissima
760 2902 888 2975 patiendi
897 2904 955 2958 uim
970 2902 1045 2976 quod
1059 2904 1173 2977 quisque
1185 2902 1274 2958 alieno
1285 2918 1338 2958 ex·

188 2983 324 3058 cogitauit
334 2981 465 3056 supplicio
474 2990 553 3055 saepe
565 2983 664 3055 expcizt
674 3000 732 3040 sua.
764 3001 833 3057 quae
846 3001 901 3054 uas,
913 2984 1109 3040 dementissimi
1119 2983 1248 3052 bomc'nes,
1260 2987 1338 3039 tanta

190 3064 316 3121 uecordia
338 3065 454 3137 agitati
483 3072 587 3137 parum
605 3064 729 3120 uidelicet
745 3065 775 3120 in
789 3073 895 3139 poenas
912 3071 989 3122 natae
1006 3064 1177 3122 crudelitatis
1197 3070 1250 3121 est:
1276 3082 1338 3120 can-

189 3146 293 3220 quirite
306 3146 337 3201 in
351 3149 454 3201 uosmet
470 3146 543 3217 ipsos
557 3162 629 3202 noua
642 3145 741 3218 quibus
757 3148 884 3219 pereatis,
898 3151 925 3201 et
940 3147 970 3202 si
984 3146 1055 3221 quid
1063 3146 1098 3202 ab
1112 3147 1189 3202 omni
1199 3146 1338 3219 patientia

189 3245 283 3284 rerum
304 3232 409 3283 natura
429 3224 574 3296 subduxit,
594 3228 667 3283 sz'cut
685 3227 825 3302 ingenium
847 3228 1055 3300 memoriamque
1074 3228 1202 3297 nomenis,
1222 3227 1339 3283 znuenitc

189 3307 410 3383 quemadmodum
421 3306 558 3364 reducatc's
568 3306 610 3363 ad
618 3307 727 3364 eandem
737 3326 795 3364 rem
810 3309 933 3381 corporis
946 3308 1029 3364 mala.
1047 3309 1145 3386 facem
1160 3308 1261 3365 studiis
1274 3306 1337 3364 sub-

189 3390 251 3447 dere
260 3394 286 3446 et
296 3390 326 3444 in
336 3393 507 3444 monumenta
518 3388 730 3460 disciplinarum
744 3389 963 3446 animaduertere
972 3395 1076 3462 quanta
1086 3395 1112 3445 et
1119 3407 1202 3463 quam
1213 3407 1266 3446 non
1277 3407 1338 3446 con-

190 3477 263 3528 tenta
276 3475 362 3527 cetera
376 3469 494 3525 materia
507 3469 625 3525 saeuitia
639 3469 703 3526 estl
725 3468 766 3526 Di
781 3469 909 3539 melius
920 3470 994 3544 quod
1003 3488 1030 3526 eo
1043 3471 1148 3527 saeculo
1163 3472 1216 3528 ista
1231 3471 1338 3547 ingeni-

189 3569 269 3610 orum
283 3550 418 3624 supplicia
431 3554 573 3622 coeperunt
583 3567 635 3623 quo
653 3551 766 3624 ingenia
783 3550 943 3608 desierunt!
970 3552 1028 3608 ez'us
1041 3553 1094 3626 qui
1104 3552 1177 3609 banc
1190 3553 1220 3607 in
1234 3553 1339 3626 scripta

191 3631 315 3689 Labieni
332 3629 490 3687 sententiam
509 3629 629 3686 dz'xerat
640 3635 734 3704 postea
748 3632 867 3688 uiuentis
883 3631 974 3688 adhuc
991 3634 1096 3706 scripta
1109 3632 1238 3691 conbusta
1256 3638 1338 3700 sunt,·

192 3714 250 3770 iam
264 3730 318 3769 non
332 3711 405 3767 malo
418 3711 540 3783 exemplo
558 3712 626 3785 quia
646 3728 703 3769 suo.
744 3711 812 3770 Non
826 3714 893 3770 tulit
908 3712 981 3770 banc
994 3712 1137 3771 Labienus
1150 3714 1338 3771 contumeliam

192 3813 238 3851 nec
261 3798 393 3866 superstes
416 3809 471 3847 esse
498 3793 607 3866 ingemit
633 3810 682 3850 suo
709 3793 805 3864 uoluit,
827 3794 876 3849 sed
899 3796 929 3850 in
957 3801 1127 3852 monumenta
1151 3813 1179 3852 se
1202 3797 1338 3852 maiorum

191 3892 306 3932 suorum
316 3873 405 3951 flrri
416 3872 501 3929 iussit
516 3879 595 3947 atque
609 3874 648 3930 ita
662 3874 776 3944 includi}
791 3876 897 3931 ueritus
913 3876 1017 3932 scilicet
1032 3895 1066 3933 ne
1079 3877 1154 3952 ignis
1166 3877 1219 3951 qui
1233 3877 1344 3934 nomini

191 3974 241 4013 suo
263 3954 398 4012 subtectus
421 3960 484 4010 erat
503 3955 614 4028 corpori
633 3961 800 4031 negaretur:
828 3975 881 4013 non
900 3956 1006 4031 finiuit
1027 3963 1134 4014 tantum
1158 3976 1185 4014 se
1210 3959 1272 4032 epse,
1294 3957 1343 4014 sed

191 4038 273 4094 ctiam
300 4037 445 4112 sepclcuit.
461 4077 468 4093 .
484 4078 513 4094 ..
532 4035 620 4094 Cassi
641 4034 748 4107 Seueri,
777 4036 896 4095 bominis
920 4036 1044 4095 Labieno
1071 4039 1247 4109 cnucsc'ssimi,
1276 4037 1340 4095 beta

191 4119 265 4175 dicta
287 4136 332 4174 res
343 4117 563 4193 serebaturilla
584 4123 699 4191 tempore
719 4135 771 4192 quo
794 4118 866 4176 libri
882 4117 1003 4175 Labieni
1025 4138 1064 4177 ex
1087 4125 1197 4177 senatus
1220 4121 1341 4178 consulto

97 4221 99 4226 ·
192 4198 363 4257 urebantur:
378 4217 452 4255 nunc
465 4216 513 4269 mc,
526 4199 624 4272 inquit,
635 4201 732 4256 uiuum
747 4201 799 4256 uri
809 4205 910 4275 oportet
920 4201 972 4274 qui
983 4200 1045 4256 illos
1057 4201 1163 4258 edidici.
1185 4200 1340 4259 monstrabo

193 4280 293 4338 bellum
307 4279 383 4337 uobis
396 4279 515 4336 libellum
528 4297 605 4353 quem
619 4299 637 4336 a
655 4277 785 4338 Gallione
797 4288 885 4338 uestro
895 4283 1002 4355 petatis.
1031 4283 1162 4339 recitauit
1177 4284 1340 4357 rescriptum

193 4361 318 4419 Labieno
332 4371 386 4436 pro
399 4359 533 4434 Bathyllo
546 4358 718 4418 Maecenatis
736 4362 767 4418 in
787 4381 839 4436 quo
856 4363 1009 4436 suspicietis
1022 4363 1198 4420 adulescentis
1214 4365 1340 4420 animum

193 4443 273 4502 illos
288 4442 403 4502 dentes
418 4440 459 4500 ad
473 4441 693 4500 mordendum
701 4445 887 4517 prouocantes.
924 4444 1071 4502 Putarem
1086 4444 1245 4520 nibitquod
1256 4447 1339 4502 mter-
