3038 5010
576 394 925 457 COMMENTARIVS.
1272 401 1328 456 165

180 551 335 605 suauitotis
347 551 473 606 ostendit.
494 555 624 621 pastores
635 569 697 605 cum
710 551 923 605 immoderatius
937 550 1058 604 biberent
1072 549 1144 605 ebrii
1149 550 1229 620 sacti
1242 551 1329 604 conci-

180 622 291 690 derunt,
304 624 357 691 qui
372 621 544 676 arbitrantes
554 624 681 678 Icam‘um
693 623 748 676 sebi
762 623 870 676 malum
885 623 1115 675 medicamentum
1126 621 1231 675 dedisse
1239 621 1330 689 fusti·
1379 642 1382 653 ¹

182 692 232 745 bus
243 709 306 745 eum
319 694 524 762 interfecerunt.
597 697 707 747 Icarus
724 709 774 762 pro
787 692 870 746 solito
884 693 1057 747 Graecorum
1069 692 1189 759 Icam'us,
1202 701 1229 746 et
1242 689 1289 745 hic
1302 700 1329 745 et

184 763 224 816 M.
238 781 262 817 x.
273 774 327 831 450
337 763 440 832 posuit,
454 764 530 834 quod
546 764 655 818 monuit
672 763 791 817 Buntius
809 763 846 816 ad
861 765 935 832 Hyg.
952 777 1008 830 130.
1047 763 1213 816 Fluctuasse
1225 763 1330 816 Roma·

182 848 235 886 nos
250 832 355 887 indicio
372 843 415 888 est
434 834 540 903 Hygini
560 834 621 888 cod.
637 833 824 902 Frisingensis
838 833 885 903 qui
903 833 931 886 in
949 847 1000 898 224
1018 833 1119 887 Icarus
1136 834 1217 887 Icari
1230 833 1336 886 Icarus·

183 911 226 956 ter
235 903 356 971 exhibet,
367 913 439 958 teste
451 907 491 960 M.
503 904 668 959 Schmidtio.
705 908 741 958 in
753 920 853 968 quem.
875 903 1013 959 Vsitatior
1021 902 1133 957 datiuus
1143 913 1207 972 post
1217 904 1330 973 inferre.

161 974 247 1026 613.
275 977 381 1029 dolore
402 978 488 1029 nasia
509 980 638 1041 patriae.
673 976 968 1044 Hyg.13oIcarium
993 980 1086 1027 autem
1111 976 1230 1028 occisum
1253 975 1332 1028 canc's
1381 1020 1383 1024 .

183 1044 300 1097 ululans
316 1046 422 1100 Maera
440 1047 587 1117 Erigonae
607 1047 779 1099 monstrauit
799 1046 849 1100 ubi
862 1049 950 1115 pater
965 1045 1124 1114 insepultus
1144 1046 1251 1098 iaceret.
1277 1060 1333 1114 quo

182 1130 246 1168 cum
270 1117 397 1183 uenisset,
421 1120 508 1186 super
529 1121 631 1198 corpus
654 1118 786 1186 parentis
809 1118 841 1170 in
868 1117 966 1169 arbore
988 1133 1037 1168 sus
1056 1116 1137 1169 endio
1161 1132 1189 1168 se
1212 1117 1331 1169 necauit.

184 1185 295 1238 Eadem
308 1185 425 1240 historia
438 1186 465 1240 in
479 1187 593 1241 scholiis
606 1189 774 1242 Arateorum
788 1186 949 1241 Germanici
962 1186 1019 1255 p.6
1050 1185 1175 1254 Breysig.
1264 1189 1333 1238 614.

183 1258 321 1310 vincula
337 1272 394 1321 per
411 1260 524 1322 laquei.
560 1259 600 1311 M.
614 1257 666 1311 xiv.
681 1271 714 1325 73
718 1268 731 1325 5
747 1259 817 1312 Cum
825 1256 941 1326 foribus
956 1257 1053 1325 laquei
1066 1257 1201 1326 religaret
1216 1256 1334 1309 uincula

183 1329 295 1381 summi.
373 1330 440 1381 615.
459 1331 696 1392 Obstructoque.
735 1328 844 1381 Primus
860 1329 955 1382 Const.
971 1328 1039 1381 Fan.
1056 1328 1202 1380 Hecatost.
1216 1341 1233 1395 9
1246 1325 1333 1380 inter-

183 1407 309 1466 pretatus
322 1406 365 1451 est
382 1398 418 1453 de
432 1398 573 1452 Pausania
585 1403 651 1467 rege
665 1400 868 1468 Spartanorum
881 1415 915 1452 ex
927 1398 1016 1451 Thuc.
1031 1397 1047 1450 i.
1064 1412 1113 1465 134
1130 1398 1179 1450 Kal
1197 1397 1224 1451 ἐς
1241 1395 1334 1464 οἴκημα

184 1468 214 1520 οὐ
235 1469 309 1538 μέγα,
331 1465 344 1519 ὃ
366 1466 397 1536 ἦν
417 1473 463 1522 τοῦ
488 1469 565 1540 ἱεροῦ,
586 1469 703 1523 ἐσελθὼν
723 1468 764 1522 ἵνα
787 1469 821 1537 μὴ
845 1467 978 1538 ὑπαίθριος
1001 1467 1183 1536 ταλαιπωροίη,
1205 1466 1334 1537 ἡσύχαζεν

186 1536 374 1606 (Pausanias).
399 1540 423 1592 ol
436 1539 464 1591 δὲ
476 1540 506 1592 τὸ
518 1539 659 1609 παραυτίκα
671 1540 718 1608 μὲν
730 1539 878 1609 ὑστέρησαν
889 1542 919 1606 τῇ
933 1538 1027 1606 διώξει,
1039 1539 1102 1606 μετὰ
1117 1538 1145 1591 δὲ
1157 1541 1234 1592 τοῦτο
1246 1542 1292 1591 τοῦ
1304 1559 1333 1591 τε

184 1606 319 1676 οἰκήματος
336 1610 380 1662 τὸν
398 1608 499 1680 ὄροφον
514 1609 625 1679 ἀφεῖλον
641 1612 682 1664 καὶ
699 1609 745 1664 τὰς
764 1609 842 1680 θύρας
859 1610 932 1664 ἔνδον
948 1607 1009 1663 ὄντα
1027 1607 1183 1677 τηρήσαντες
1200 1608 1277 1661 αὐτὸν
1293 1608 1334 1660 καὶ

184 1677 361 1743 ἀπολαβόντες
384 1678 447 1734 εἵσω
468 1680 680 1753 ἆπῳκοδόμησαν,
704 1680 938 1749 προσκαθεζόμενοί
961 1701 990 1733 τε
1014 1680 1234 1749 ἐξεπολιόρκησαν
1256 1679 1333 1749 λιμῷ.

184 1751 235 1802 Καὶ
255 1749 398 1817 μέλλοντος
418 1752 497 1805 αὐτοῦ
518 1750 667 1821 ἇποψΰχειν
688 1752 777 1820 ὥσπερ
798 1746 867 1819 εἶχεν
888 1750 915 1804 ἐν
935 1750 971 1821 τῷ
996 1747 1112 1818 οἰκήματι
1135 1749 1285 1817 αἶσθόμενοί
1305 1770 1334 1802 τε

184 1819 325 1888 ἐξάγουσιν
333 1821 361 1873 ἐκ
369 1825 416 1876 τοῦ
426 1822 494 1890 ἱεροῦ
506 1823 544 1876 ἔτι
556 1822 668 1890 ἔμπνουν
680 1821 741 1875 ὄντα
754 1821 794 1876 καὶ
806 1819 925 1890 ἐξαχθείς
936 1820 1045 1874 ἀπέθανε
1057 1822 1222 1890 παραχρῆμα.
1252 1820 1334 1874 Idem

185 1901 299 1946 narrant
314 1892 457 1961 Lycurgus
470 1910 494 1947 c.
509 1894 604 1947 Leocr.
619 1907 676 1960 132,
691 1894 773 1946 Corn.
789 1894 862 1961 Nep.
876 1893 956 1945 Paus.
968 1910 994 1956 v,
1005 1890 1135 1945 Diodxi.
1144 1903 1187 1959 45,
1199 1891 1333 1958 Polyaen.

184 1961 239 2016 viii.
256 1973 296 2030 51.
365 1967 568 2018 limineteati.
601 1965 674 2033 Nep.
690 1965 772 2017 Paus.
785 1964 851 2016 vlu
864 1963 956 2016 aedem
972 1962 1128 2029 Mineruae,
1141 1978 1212 2030 quae
1226 1961 1338 2016 Chalcia

185 2048 259 2087 oecos
276 2039 402 2101 uocatur,
421 2035 553 2104 confugit.
579 2034 645 2087 leiuc
663 2051 697 2087 ue
713 2035 790 2086 erire
803 2037 904 2103 posset,
923 2034 1020 2086 statim
1037 2032 1138 2102 ephori
1153 2033 1257 2085 ualuas
1273 2034 1335 2085 eius

185 2104 262 2157 aedis
271 2103 470 2158 obstruxerunt
480 2111 636 2174 tectumque
646 2110 715 2157 suut
725 2105 859 2172 demoliti,
869 2121 923 2174 quo
934 2104 1050 2157 celerius
1058 2103 1109 2156 sub
1117 2104 1184 2157 diuo
1196 2105 1338 2157 interiret.

187 2173 277 2226 Miror
295 2173 323 2226 in
342 2175 418 2227 nullo
437 2175 535 2229 codice
553 2175 688 2244 scriptum
708 2174 796 2228 uideri
815 2173 939 2243 templi.
1015 2175 1221 2238 adparens.
1259 2175 1337 2243 Nep.

187 2245 269 2298 Paus.
291 2246 308 2298 l.
323 2261 346 2298 c.
368 2246 487 2299 Dicitur
503 2263 533 2298 eo
551 2250 673 2315 tempore
694 2251 812 2298 matrem
833 2246 997 2298 Pausaniae
1017 2246 1122 2298 uixisse
1141 2262 1256 2314 eamque
1276 2246 1335 2297 iam

186 2330 289 2384 magno
301 2320 380 2382 natu,
391 2319 542 2386 postquam
554 2317 588 2370 de
598 2317 696 2369 scelere
706 2317 770 2385 filii
782 2317 923 2385 compem't,
936 2317 968 2368 iu
981 2317 1088 2385 primis
1100 2316 1140 2369 ad
1146 2316 1246 2386 filium
1258 2316 1335 2369 clau·

186 2385 306 2438 dendum
318 2386 440 2455 lapidem
453 2387 494 2440 ad
501 2388 652 2440 introitum
663 2388 741 2440 aedes
752 2387 887 2440 attulisse.
918 2387 990 2440 Cum
1001 2386 1105 2440 Ouidio
1115 2386 1180 2440 facit
1192 2385 1338 2439 Diodorus

187 2455 223 2509 xi.
237 2468 271 2523 45
292 2455 338 2536 qui
358 2455 426 2510 dicit
443 2458 564 2526 ephoros
582 2457 739 2511 Pausaniae
758 2468 877 2510 matrem
896 2474 1012 2526 rogasse
1029 2474 1097 2509 num
1112 2474 1177 2511 eum
1195 2456 1336 2525 punirent,

186 2526 261 2579 hanc
280 2526 349 2580 nihil
368 2527 471 2581 dixisse
490 2527 541 2581 sed
560 2528 676 2581 laterem
695 2527 733 2581 ad
751 2527 848 2596 templi
868 2527 1013 2582 introitum
1031 2527 1149 2594 uexisse,
1165 2536 1192 2580 et
1212 2526 1316 2581 abiisse
1328 2546 1337 2581 :.

187 2605 247 2650 tum
264 2597 504 2651 Lacedaemonios
524 2598 640 2652 matris
660 2606 793 2652 secutos
813 2597 973 2651 iudicium
992 2597 1096 2651 ostium
1114 2597 1193 2651 aedis
1209 2597 1336 2651 obstrux-

188 2665 253 2720 isse.
297 2667 385 2721 Addit
411 2669 569 2736 Polyaenus
590 2668 647 2723 viii.
672 2681 700 2736 51
728 2684 793 2722 curn
817 2668 939 2736 primum
962 2669 1080 2722 laterem
1104 2677 1195 2722 mater
1216 2669 1336 2722 Theano

187 2736 356 2806 aduexisset,
378 2748 487 2792 ceteros
509 2755 560 2808 pro
582 2755 612 2792 se
634 2755 774 2809 quemque
795 2739 913 2792 laterem
934 2737 1108 2807 adposuisse.
1202 2740 1265 2794 617.
1292 2740 1339 2792 Ex

188 2808 346 2862 Pausaniae
359 2808 446 2862 caede
459 2808 593 2863 transitur
604 2809 641 2862 ad
656 2809 813 2863 Palladium
826 2826 876 2878 per
888 2812 1062 2862 simulacra.
1101 2810 1177 2861 Nam
1195 2818 1225 2862 ut
1242 2809 1336 2878 expia-

187 2888 263 2932 retur
274 2878 431 2933 Pausaniae
441 2879 543 2933 caedes
555 2879 771 2933 Lacedaemonii
784 2880 856 2933 duas
865 2897 964 2933 aeneas
973 2881 1032 2932 eius
1041 2879 1179 2948 iruagines
1188 2878 1216 2931 in
1230 2881 1336 2949 templo

187 2959 378 3003 sacrauerunt.
414 2951 502 3004 Thuc.
521 2949 538 3004 i.
555 2965 610 3018 134
650 2950 706 3004 Sed
725 2959 753 3004 et
775 2949 886 3003 Tbeauo
903 2966 1052 3003 commune
1068 2965 1172 3001 nomen
1192 2948 1337 3019 utriusque

187 3019 340 3074 historiae:
361 3037 429 3074 nam
442 3021 555 3074 Tzetzes
573 3021 610 3074 ad
629 3022 693 3089 Lyc.
707 3021 759 3089 658
779 3019 863 3074 tradit
876 3019 977 3073 Vlixen
995 3018 1152 3072 Palladium
1169 3018 1338 3088 surripuisse

188 3090 264 3145 dono
283 3090 443 3158 Antenoris,
463 3090 541 3144 cuius
560 3108 629 3145 uxor
647 3092 765 3145 Theano
786 3089 933 3144 Mineruae
952 3089 1084 3143 sacerdos
1103 3098 1187 3143 esset.
1244 3093 1337 3144 Illius

193 3161 297 3230 Vlyssis
312 3160 437 3230 quicum
452 3161 592 3215 Diomede
607 3161 763 3215 Palladium
783 3160 874 3230 rapuit
891 3162 962 3214 Aen.
976 3159 1003 3213 ii.
1020 3160 1069 3226 164
1082 3176 1142 3229 sqq.
1161 3160 1279 3228 Tydides
1289 3161 1341 3214 sed

187 3233 261 3285 enim
274 3232 459 3301 scelerumque
471 3233 604 3285 inuentor
615 3226 714 3299 Vlixes,
727 3232 829 3285 Fatale
840 3232 968 3302 adgressi
981 3236 1090 3284 sacrato
1102 3230 1223 3284 auellere
1235 3232 1338 3301 templo

188 3302 362 3370 Palladium,
379 3304 464 3356 caesis
480 3320 606 3356 summae
623 3303 781 3357 custodibus
798 3305 879 3370 arcc's,
899 3303 1066 3371 Corripuere
1082 3318 1193 3354 sacram
1210 3303 1336 3371 effigiem,

189 3372 371 3440 manibusque
386 3374 509 3427 cruentis
526 3374 673 3444 Virgineas
689 3375 755 3426 ausi
769 3374 854 3426 diuae
869 3374 1027 3443 contingere
1044 3373 1139 3439 uittas,
1155 3371 1202 3425 ubi
1222 3371 1337 3425 Seruius

189 3443 336 3496 Diomedes
353 3449 381 3496 et
401 3444 492 3497 Vlixes
511 3449 544 3497 ut
561 3445 616 3497 alii
632 3445 730 3497 dicunt
750 3444 889 3497 cuniculis
910 3449 943 3496 ut
963 3443 1020 3496 alii
1036 3443 1137 3496 cloacis
1154 3443 1339 3496 ascenderunt

188 3530 288 3581 arcern,
300 3519 329 3567 et
340 3515 434 3567 occisis
445 3515 603 3567 custodibus
617 3515 755 3568 sustulere
768 3515 962 3568 simulacrum.
987 3514 1039 3583 qui
1050 3529 1114 3566 cum
1130 3519 1340 3566 reuerterentur

189 3585 230 3637 ad
242 3601 336 3651 naues,
355 3585 454 3652 Vlcres,
472 3590 505 3638 ut
520 3587 569 3638 sui
584 3591 697 3639 tantum
714 3586 805 3654 operis
821 3585 967 3638 uideretur
980 3585 1098 3653 effectus,
1114 3584 1207 3636 uoluit
1222 3600 1339 3652 sequeus

189 3655 308 3709 occidere
322 3655 504 3719 Diomedem,·
516 3657 604 3708 cuius
619 3655 668 3709 ille
685 3661 815 3708 conatum
831 3672 894 3708 cum
911 3656 951 3709 ad
964 3653 1092 3707 ursrbram
1109 3655 1194 3707 lunae
1208 3660 1338 3723 notasset,

189 3726 341 3794 religatum
353 3729 427 3795 prae
440 3743 468 3778 se
480 3742 567 3795 usque
579 3726 620 3779 ad
631 3731 724 3779 castra
739 3727 908 3780 Graecorum
921 3727 997 3796 egit:
1014 3726 1075 3779 ideo
1087 3730 1181 3779 autem
1192 3724 1243 3778 boc
1254 3742 1339 3806 nego«

189 3797 262 3849 tium
274 3794 320 3848 leis
330 3797 512 3865 potissumum
524 3797 618 3863 datur,
631 3798 700 3865 quia
711 3797 830 3849 cultores
838 3797 963 3863 fuorunt
974 3796 1133 3848 Mineruae.
1173 3797 1237 3849 Hoc
1254 3795 1338 3864 igitur

190 3865 350 3935 inprecatus
375 3865 457 3934 Ibidi,
482 3875 512 3920 ut
540 3867 652 3920 fortuna
680 3876 773 3920 utatur
797 3866 885 3919 Vlixis
915 3865 1050 3935 rapientis
1076 3865 1256 3933 Palladium3
1287 3884 1338 3936 per

190 3935 335 4005 angustias
348 3946 375 3990 et
388 3946 495 3990 stercus
506 3937 635 4005 accedas,
645 3946 674 3991 ut
682 3937 778 3991 Vlixes
789 3946 816 3991 et
831 3936 986 3991 Diomedes
999 3954 1043 4006 ap.
1056 3937 1204 4005 Sophoclis
1214 3939 1339 3992 Λακαίνας

189 4007 220 4061 ir.
236 4019 286 4074 337
301 4006 393 4074 Σιένην
405 4005 427 4060 δ’
440 4007 531 4075 ἔδομεν
542 4007 646 4076 ψαλίδα
661 4007 732 4059 κούκ
747 4007 940 4076 ἀβόρβορον;
959 4017 1053 4076 partes
1067 4024 1136 4075 agas
1149 4008 1297 4076 secundas,
1310 4018 1340 4062 et

189 4086 271 4145 terga
294 4078 431 4146 praebeas
453 4077 541 4146 alteri,
564 4077 635 4131 sicut
656 4077 747 4131 Vlixis
771 4095 855 4147 super
875 4077 979 4132 umeris
1002 4077 1159 4132 Diomedes
1183 4078 1211 4130 in
1237 4079 1339 4132 aedem

191 4147 339 4202 Mineruae
350 4147 402 4201 iter
410 4147 579 4216 penetrauit,
586 4165 638 4202 nec
646 4148 758 4202 Vlixem
765 4157 829 4217 post
837 4165 868 4202 se
881 4147 1001 4202 adtraxit
1013 4148 1123 4217 (Conon
1137 4147 1245 4216 xxxiv);
1264 4148 1338 4202 deci·

190 4217 285 4287 piaris,
304 4227 334 4271 ut
347 4217 420 4271 Vlixi
441 4218 596 4273 Diomedes
615 4218 820 4272 ementiebatur
837 4235 894 4272 non
913 4236 1011 4272 uerum
1029 4235 1060 4272 se
1080 4218 1238 4271 Palladium
1257 4217 1340 4271 surri-

190 4287 295 4358 puisse,
309 4305 345 4342 ne
364 4288 388 4342 is
406 4287 459 4342 sibi
478 4288 597 4356 gloriam
614 4289 678 4343 furti
696 4306 746 4358 per
761 4287 877 4341 insidias
893 4288 1073 4353 adsumeret;
1092 4288 1219 4341 fraudem
1238 4288 1340 4341 frustra

191 4358 288 4428 cupias
313 4358 418 4426 ulcisci,
443 4376 496 4412 nec
520 4358 575 4412 nisi
600 4377 664 4413 cum
689 4358 844 4427 ignominia
867 4368 895 4413 et
920 4357 1116 4426 indignissima
1141 4367 1255 4411 coactus
1280 4357 1339 4436 pati

190 4447 210 4484 a
236 4428 373 4498 sacn'lego
400 4429 524 4484 facinore
551 4429 707 4483 reuertaris.
759 4431 867 4483 Conon.
892 4428 929 4482 ib.
959 4429 1067 4482 Notum
1091 4437 1134 4500 est
1159 4426 1340 4495 prouerbium

192 4499 329 4568 Διομηδεία
342 4501 446 4571 ἀνάγκη,
459 4500 536 4570 quod
548 4500 586 4554 ad
598 4501 673 4555 hanc
682 4497 770 4555 Vlixis
784 4516 849 4554 cum
863 4498 1003 4554 Diomede
1016 4497 1224 4569 expeditionem
1237 4497 1340 4552 refere-
