3038 5010
234 364 291 426 130
634 362 981 424 COMMENTARIVS.

232 527 325 575 erant
339 517 350 588 (
351 518 385 588 36
388 530 411 588 5,
421 517 458 588 6),
467 520 611 589 paenitere
623 520 711 589 coepit
722 521 797 590 regar
807 518 1000 573 crudelitatem
1012 518 1120 572 timens.
1151 517 1248 586 itaque
1258 516 1382 586 Myrtilo

231 593 352 661 aurigae
366 593 429 644 eius·
437 592 584 659 persuasit
594 605 766 660 regnumque
778 591 806 643 ei
818 590 969 643 dimidium
979 589 1134 658 pollicetur
1142 590 1171 642 si
1180 605 1208 640 se
1220 588 1380 642 adiuuaret.

223 663 285 732 fide
300 662 369 715 data
381 661 521 729 Myrtilus
537 678 653 714 currum
669 662 768 713 iunxit
780 666 807 713 et
822 661 917 714 clauos
928 661 959 712 in
977 665 1054 713 rotas
1066 675 1122 713 non
1134 661 1267 712 coniecit:
1285 661 1383 728 itaque

231 733 310 801 equis
333 733 466 798 incitatis,
500 749 628 786 currum
651 731 822 784 desectum
849 729 1009 784 Oenomai
1039 729 1113 799 equi
1142 729 1380 785 distraxerunt.

233 803 304 872 (367,
319 802 355 870 8).
385 802 487 869 Pelops
498 819 562 856 cum
574 802 771 870 Hippodamia
783 807 810 854 et
821 802 943 869 Myrtilo
960 801 1074 854 domum
1092 801 1185 853 uictor
1200 816 1265 853 cum
1277 800 1385 854 rediret

231 873 369 943 cogitauit
379 873 434 926 sibi
444 873 625 941 opprobrium
632 873 772 942 suturam
784 877 812 925 et
825 871 961 940 Myrtilo
974 871 1070 925 fidem
1082 880 1256 940 praestare
1272 870 1382 925 noluit

232 960 371 1012 eumque
390 942 421 996 in
442 959 532 996 mare
551 941 905 1014 praecipitauit,aquo
920 944 1086 1010 Myrtoum
1103 943 1242 1013 pelagus
1260 950 1311 994 est
1329 958 1382 1010 ap-

231 1014 392 1083 pellatum
406 1011 558 1081 (369-370).
640 1016 708 1066 365.
727 1017 859 1067 iuuenes
876 1011 954 1082 proci
974 1011 1193 1081 Hippodamiae.
1247 1015 1383 1077 uestigia

232 1083 320 1152 pedes
330 1085 390 1137 Cat.
400 1083 462 1138 lxiv.
473 1084 529 1151 162,
540 1084 605 1138 Sen.
614 1084 685 1152 Thy.
696 1098 762 1150 1039
771 1085 869 1152 Rupta
872 1083 980 1153 fractis
992 1083 1121 1137 erum'bus
1130 1083 1257 1152 uestigia.
1313 1087 1381 1136 366.

231 1156 375 1208 Brachia.
395 1155 425 1207 F.
432 1153 448 1207 i.
457 1167 470 1222 5
475 1166 506 1221 57
517 1154 553 1208 de
559 1153 626 1208 Caci
635 1164 716 1208 antro
725 1155 784 1207 Ora
793 1157 880 1222 snper
885 1156 978 1223 postes
986 1154 1124 1222 affixaque
1132 1152 1245 1206 bracleia
1249 1154 1381 1222 pendent.

231 1229 301 1278 869.
320 1227 467 1279 Proditor
487 1224 617 1292 Myrtilus
636 1228 723 1278 saeui
741 1226 870 1289 tyranni
883 1223 1032 1291 Oenomai,
1045 1240 1111 1277 nam
1124 1222 1260 1277 tredecim
1275 1223 1380 1291 (Schol.

231 1296 285 1365 Ap.
297 1297 331 1348 R.
342 1295 358 1348 i.
371 1307 386 1361 7
390 1307 421 1363 52
435 1312 469 1348 ex
483 1293 616 1361 Pindaro)
626 1297 671 1348 uel
685 1294 835 1348 duodecim
846 1295 945 1361 (Tzetz.
957 1295 995 1347 ad
1004 1295 1069 1362 Lyc.
1084 1294 1143 1363 156)
1155 1310 1256 1363 procos
1270 1293 1327 1347 iam
1340 1293 1384 1347 in·

232 1367 388 1420 terfecerat.
400 1364 498 1434 (Salu.)
556 1369 624 1422 370.
637 1368 767 1419 nomina
778 1368 860 1419 fecit.
880 1366 945 1433 Lyc.
955 1365 1004 1430 164
1012 1364 1048 1418 de
1058 1363 1173 1432 Myrtilo
1183 1362 1304 1432 φερωνύ
1309 1386 1384 1431 μους

232 1435 537 1506 ἔδαψεΝηρέωςτάφους.
575 1439 638 1491 371.
650 1440 790 1490 uelooem
799 1439 944 1500 puellam.
964 1436 1128 1489 Atalantam
1136 1433 1223 1488 filiam
1232 1435 1382 1504 Schoenei,

232 1524 304 1577 qnae
313 1508 421 1560 uirtute
429 1523 482 1559 sua
494 1523 579 1560 cnrsn
592 1509 671 1560 uiros
682 1507 832 1575 superabat
842 1508 916 1574 Hyg.
925 1506 981 1574 185.
1036 1509 1103 1560 372.
1117 1509 1202 1558 Dum
1215 1505 1306 1559 donec
1319 1516 1383 1560 tan·

232 1577 308 1631 dem.
332 1581 435 1643 pomis
447 1580 552 1631 tribus
563 1578 637 1645 Hyg.
650 1578 697 1646 185
707 1577 858 1646 Plerosque
866 1594 929 1630 cum
939 1578 1097 1645 superasset
1104 1581 1131 1629 et
1140 1576 1281 1630 oceidzhset
1286 1578 1383 1630 nonis-

231 1649 301 1701 sime
312 1649 346 1700 ab
358 1648 536 1716 Hippomene
547 1649 679 1718 Megarei
688 1653 716 1700 et
723 1648 854 1716 Meropes
857 1648 925 1717 filio
934 1649 1011 1701 uicta
1023 1651 1070 1701 est.
1107 1646 1153 1700 liic
1164 1648 1238 1700 enim
1250 1665 1269 1700 a
1283 1647 1384 1700 Venere

232 1719 310 1771 mala
321 1720 381 1772 trz'a
392 1720 515 1789 insz’grm's
518 1719 633 1788 formae
644 1722 793 1787 acceperat,
805 1719 915 1772 edoctus
927 1719 992 1786 quis
1002 1734 1071 1771 usus
1082 1718 1114 1770 in
1126 1719 1166 1770 eis
1177 1722 1252 1771 esset.
1288 1719 1342 1787 qni
1351 1718 1384 1770 in

231 1790 293 1858 ipso
305 1791 455 1842 certamine
466 1789 597 1843 iactando
606 1790 718 1860 puellae
729 1790 864 1858 inrpetnm
877 1788 1020 1858 alligauit.
1044 1787 1098 1841 illa
1111 1789 1184 1840 enim
1193 1789 1262 1840 dum
1275 1789 1387 1858 colligit

232 1865 260 1912 et
268 1861 443 1913 ammiratnr
450 1876 562 1926 aurum,
572 1859 726 1913 deelinanit
733 1865 761 1912 et
772 1861 873 1912 innem'
883 1860 1032 1912 uictoriam
1042 1859 1169 1926 tradidit,
1179 1874 1251 1927 quae
1264 1876 1298 1912 ex
1308 1861 1348 1912 M.
1357 1874 1381 1912 x.

174 1947 176 1951 ’
235 1930 357 1998 560-680
368 1929 513 1998 Hyginum
527 1929 681 1999 sumpsisse
694 1929 818 1993 ostendit
829 1931 919 1983 Maur.
932 1929 1068 1983 Schmidt.
1129 1932 1193 1985 373.
1209 1933 1271 1992 qui.
1304 1928 1383 1983 Dicit

232 2001 344 2054 Elector
361 2001 477 2053 iuuenes
494 2001 625 2053 simulet
643 2001 725 2054 decns
743 2001 931 2069 innuptarum
952 2016 1022 2069 quos
1041 1999 1151 2053 crudeli
1165 2002 1243 2069 peste
1260 2005 1383 2053 coactam

232 2070 452 2141 Androgeoneae
462 2074 569 2139 poenos
585 2071 712 2124 euoluere
727 2070 818 2124 caedis
831 2071 991 2139 Cecropiam
1007 2071 1120 2123 solitam
1136 2087 1192 2122 esse
1203 2069 1303 2139 dapem
1315 2071 1385 2123 dare

232 2143 402 2194 Minotauro
414 2140 499 2195 tradit
514 2141 639 2194 Catullus
651 2140 714 2195 lxiv.
726 2140 820 2206 76-80.
881 2146 966 2195 tecta
978 2139 1159 2208 ‘chambers,'
1173 2142 1233 2194 Cat.
1247 2139 1310 2194 lxiv.
1326 2152 1382 2209 115.

231 2215 310 2266 noui
328 2221 358 2264 ut
372 2213 515 2280 portentis
530 2213 612 2264 nonis
626 2213 707 2280 Prop.
722 2210 758 2264 iii.
774 2209 831 2280 (iv.)
846 2225 886 2264 22.
902 2211 943 2264 28.
1015 2213 1150 2265 monstri
1169 2211 1229 2267 Cat.
1243 2210 1307 2264 lxiv.
1325 2226 1381 2265 101.

232 2285 301 2339 874.
321 2297 429 2335 caecae
448 2299 512 2335 cum
531 2282 671 2335 subterra
689 2290 772 2349 esset,
788 2290 873 2351 atque
892 2280 956 2334 ideo
975 2279 1037 2334 sine
1055 2280 1184 2334 fenestris
1203 2281 1249 2335 uel
1267 2281 1382 2336 lumine.

233 2353 324 2406 Varro
344 2354 373 2405 L.
389 2353 418 2405 L.
438 2350 471 2405 ix.
493 2352 524 2421 58
543 2353 571 2404 si
577 2352 736 2421 fenestram
755 2352 916 2418 nonhabet,
935 2351 1045 2404 dicitnr
1059 2368 1177 2406 caecum.
1197 2353 1267 2405 Aen.
1285 2370 1309 2404 v.
1332 2353 1382 2421 589

232 2423 395 2476 Pam'etibns
412 2426 520 2490 tentum
538 2424 623 2476 caecis
641 2424 701 2477 iter.
773 2438 839 2476 non
855 2425 1016 2476 redeunda
1033 2423 1107 2476 unde
1124 2438 1182 2475 non
1199 2432 1259 2476 erat
1275 2422 1382 2476 reditus

234 2493 264 2546 in
288 2495 380 2547 lucem
404 2502 519 2562 propter
539 2493 758 2547 inextm'cabilem
779 2495 887 2546 exitum
910 2495 984 2560 Hyg.
1005 2506 1049 2558 40.
1091 2494 1209 2546 Cosmas
1234 2492 1272 2546 ad
1297 2494 1381 2561 Greg.

234 2565 303 2618 Naz.
323 2581 349 2632 p.
369 2563 418 2617 621
442 2562 540 2632 Migne
562 2566 692 2630 σπηλαῖαν
712 2563 838 2630 ἀντρῶδες
859 2563 900 2616 καὶ
921 2562 1052 2615 δύσκολον
1071 2563 1131 2631 περὶ
1149 2563 1196 2630 τίην
1214 2562 1324 2616 κάθοδον
1341 2565 1382 2616 καὶ

234 2634 360 2703 δυσχερὲς
377 2634 436 2702 περὶ
454 2634 499 2700 τὴν
517 2633 616 2687 ἄνοδον.
748 2637 816 2689 375.
835 2636 989 2687 Aeacides
1007 2632 1142 2688 Achilles.
1223 2636 1384 2688 uiolentus

235 2703 371 2758 Horatius
391 2704 427 2758 de
445 2703 555 2757 Achille
573 2704 605 2758 Α
627 2704 657 2758 Ρ.
678 2718 724 2757 121
745 2705 900 2758 iracundus
917 2704 1098 2758 inexorabilis
1116 2720 1181 2757 acer
1196 2703 1244 2757 ubi
1264 2705 1383 2759 afferunt

236 2775 268 2829 ll.
277 2793 319 2828 xx.
330 2774 381 2841 467
393 2775 430 2827 Οὔ
442 2775 492 2843 γάρ
504 2797 529 2827 τι
537 2772 699 2844 γλυκύθυμος
710 2774 772 2843 ἀνὴρ
785 2771 823 2841 ἦν,
832 2773 886 2827 οὐδ’
898 2775 1061 2844 ἀγανόφρων,
1071 2772 1155 2826 Ἀλλὰ
1167 2773 1227 2842 μάλ’
1241 2775 1383 2843 ἐμμεμαώς.

233 2849 335 2900 altum
349 2845 381 2899 Il.
394 2843 467 2899 xxiii.
482 2844 531 2910 164
544 2844 687 2913 Κηδερόνες
704 2844 733 2898 δὲ
748 2842 808 2914 παρ’
821 2843 879 2898 αὖθι
893 2845 978 2912 με’ναν,
991 2847 1032 2898 καὶ
1048 2844 1121 2914 νηεαν
1137 2842 1208 2911 ύλην,
1222 2845 1340 2911 Ποίησον
1355 2846 1384 2898 δὲ

233 2915 317 2984 πυρὴν
329 2915 501 2982 ἑκατόμπεδον
513 2914 573 2968 ἔνθα
585 2917 626 2968 καί
638 2915 707 2968 ἔνθα.
794 2918 862 2971 376.
882 2919 1022 2981 Corpora
1034 2914 1184 2977 duodecim
1197 2915 1383 2969 Troianorum

235 3003 305 3056 quos
320 2986 449 3040 Patroclo
462 2984 604 3040 mactauit.
659 3002 731 3039 oum
743 2989 827 3040 senis
840 2990 939 3040 altera
951 3003 1027 3041 sena
1041 2987 1073 3040 Il.
1085 2985 1159 3040 xxiii.
1177 2998 1207 3051 17
1211 2996 1224 3054 5
1239 2985 1342 3038 Δώδεκα
1355 2986 1384 3038 δὲ

234 3059 327 3125 Τρώων
338 3055 492 3126 μεγαθύμων
502 3056 571 3110 υίέσς
583 3056 695 3111 ἐσθλοὺς
707 3056 800 3126 Χαλκῷ
813 3056 905 3123 δηϊόων
918 3055 1075 3125 (ἐνέβαλλε).
1173 3059 1240 3111 377.
1258 3060 1385 3110 obscuri

234 3131 336 3181 uictos
345 3127 684 3196 ambagibuaorisquod
692 3126 824 3195 aenigma
834 3128 943 3182 soluere
952 3145 1009 3181 non
1018 3136 1143 3196 possent.
1163 3127 1385 3218 Soph.O.T.13o

234 3196 413 3268 ἡπαικιλῳδδς
420 3196 516 3267 Σφίγξ.
587 3200 655 3252 378.
668 3200 824 3252 infandae.
844 3199 950 3252 Phoen.
964 3199 1015 3264 807
1026 3198 1142 3284 Σφιγγός
1153 3239 1158 3251 .
1169 3237 1175 3250 .
1188 3238 1194 3251 .
1212 3205 1234 3249 Α
1243 3219 1307 3250 ποτε
1316 3198 1384 3250 Καδ-

233 3268 329 3338 μογενῆ
347 3267 524 3337 τετραβάμοσι
541 3269 635 3335 χαλαῖς
647 3268 751 3336 Τείχεσι
768 3270 944 3337 χριμπτομένα
957 3265 1037 3337 φέρεν
1049 3268 1150 3337 αἶθερας
1167 3267 1203 3322 εἷς
1217 3266 1315 3330 ἄβατον
1327 3269 1386 3338 φῶς

235 3338 337 3391 Γένναν.
390 3341 537 3394 3Ἷ9-380.
551 3339 641 3392 Tzetz.
652 3338 689 3392 ad
700 3341 765 3407 Lyc.
776 3340 827 3406 987
839 3341 911 3392 Μετὰ
924 3338 952 3392 δὲ
965 3339 1010 3406 τὴν
1017 3336 1095 3392 Ἰλίου
1106 3338 1236 3407 πόρθησιν
1248 3340 1385 3408 φυγόντων

233 3414 285 3463 τῶν
292 3410 385 3478 Τρώων
397 3408 433 3464 είς
440 3405 560 3475 Ἰταλίαν,
569 3411 742 3477 Κροτωνιᾶται
754 3408 932 3476 βοηθήσαντες
942 3411 996 3463 ταῖς
1009 3409 1036 3461 ἐν
1047 3407 1144 3477 Ἰταλίᾳ
1155 3407 1256 3462 ταύταις
1267 3411 1385 3478 φυγοῦσι

234 3480 331 3549 Τρωσί,
344 3477 516 3548 στρατεύουσι
529 3476 582 3532 κατ’
594 3478 677 3532 αὐτῶν
689 3480 751 3532 κατὰ
763 3481 808 3547 τῆς
820 3479 929 3550 Σίριδος,
942 3481 983 3533 καὶ
996 3480 1093 3535 πάντας
1109 3479 1169 3534 τοὺς
1179 3475 1272 3533 Ἴωνας
1288 3479 1324 3550 τῷ
1340 3481 1386 3547 τῆς

234 3546 342 3617 Ἀθηνᾶς
354 3552 405 3620 ναῷ
417 3551 613 3637 καταφυγόντας
624 3548 734 3615 ἀνεῖλαν,
742 3547 798 3618 μεθ’
807 3550 841 3602 ὣν
851 3552 1001 3604 συνανεῖλαν
1010 3551 1051 3603 καὶ
1063 3552 1108 3617 τῆς
1120 3549 1211 3619 ίερείας
1222 3552 1267 3617 τῆς
1278 3546 1386 3615 Ἀθηνᾶς

234 3621 323 3686 παῖδα,
338 3619 442 3688 ὀνόματι
458 3627 601 3688 Ληταρχαν,
614 3620 756 3690 γυναικείαν
772 3621 869 3688 ε’σθῆτα
885 3619 1058 3689 ἐνδεδυμένον·
1077 3621 1124 3672 διδ
1142 3619 1157 3686 ἡ
1175 3618 1284 3686 Ἀθηνᾶ
1302 3619 1384 3689 ὀργι-

236 3691 348 3744 σθεῖσα
368 3692 490 3757 ἤμυσεν,
511 3691 589 3743 ὥστε
610 3690 647 3758 μὴ
668 3692 803 3753 βλέπειν.
840 3693 913 3746 Rem
932 3700 1047 3745 narrant
1066 3691 1234 3759 Lycophron
1253 3691 1385 3759 988-992‚

237 3760 362 3815 Iustinus
375 3779 418 3814 xx.
432 3775 447 3813 2
461 3777 545 3829 quem
558 3759 587 3813 in
600 3761 714 3814 scholiis
727 3760 821 3816 citaui.
929 3763 996 3817 379.
1014 3765 1185 3816 Bistoniae.
1222 3762 1260 3815 Et
1274 3760 1344 3814 Siris
1357 3770 1385 3814 et

238 3831 363 3884 Lucania
375 3829 537 3884 communia
551 3830 650 3885 Italiae
663 3849 727 3886 cum
740 3831 897 3886 Thracibus
910 3832 1033 3886 nomina
1072 3833 1170 3900 Steph.
1185 3831 1217 3885 B.
1230 3831 1303 3898 Σίρες
1313 3831 1387 3885 ἔθνος

237 3903 338 3967 θράκης
356 3901 420 3969 ὑπὲρ
438 3900 497 3955 τοὺς
515 3901 665 3965 Βυζαντίους
678 3902 819 3971 (Merkel).
835 3902 977 3957 Heraclid.
999 3905 1079 3957 Pont.
1098 3902 1130 3955 fr.
1143 3901 1187 3955 xxi
1207 3901 1235 3955 in
1256 3901 1386 3955 Muelleri

237 3973 350 4040 Fragm.
362 3970 436 4024 Hist.
449 3972 548 4025 Graec.
559 3970 585 4025 ii.
597 3989 624 4041 p.
634 3974 685 4027 218
694 3971 728 4025 ‘H
739 3974 889 4043 Σαροθρόκη
901 3975 930 4025 τό
942 3973 989 4040 μὲν
1001 3972 1031 4040 ἐξ
1043 3972 1124 4043 ἀρχῆς
1136 3972 1253 4025 ε’καλεῖτο
1263 3973 1387 4025 Λευκανία

237 4042 279 4094 διὰ
300 4043 330 4095 τό
349 4040 426 4107 λευκὴ
446 4036 519 4094 εἶναι·
539 4040 695 4111 ὕστερονδὲ
716 4049 823 4113 θρακῶν
841 4046 1023 4113 κατασχόντων
1041 4044 1146 4113 θρακία.
1186 4042 1262 4096 Hinc
1282 4042 1311 4096 in
1331 4041 1386 4096 Siri

238 4111 338 4166 Italica
356 4112 492 4181 templum
512 4112 651 4167 Thraciae
668 4113 815 4168 Mineruae
834 4114 1019 4167 condiderant
1037 4112 1097 4168 siue
1117 4112 1170 4183 ipsi
1188 4112 1311 4181 Siritani,
1324 4113 1386 4168 siue

237 4181 364 4251 inquilini
375 4183 500 4236 Thraces
512 4184 756 4252 Samothracesue,
769 4183 1008 4254 quemadmodum
1021 4201 1067 4252 ap.
1078 4186 1143 4253 Lyc.
1155 4185 1207 4253 958
1217 4184 1386 4238 Phoenoda·

236 4253 340 4306 mantis
361 4253 434 4307 filiae
452 4253 481 4306 in
500 4253 595 4308 Sicilia
612 4254 742 4308 dicuntur
754 4256 891 4324 templum
903 4255 1022 4310 Veneris
1035 4254 1193 4309 Zerinthiae
1206 4256 1235 4310 h.
1248 4271 1272 4309 e.
1287 4255 1386 4308 Samo-

236 4323 361 4378 thraciae
380 4323 557 4380 exstruxisse.
593 4324 649 4378 Alii
669 4326 706 4379 ad
724 4325 862 4379 Troianos
880 4327 955 4379 hanc
975 4325 1122 4380 Mineruae
1142 4335 1265 4379 statuam
1283 4324 1387 4379 refere-

236 4394 314 4463 bant,
327 4405 358 4448 ut
378 4395 480 4448 Strabo
499 4411 583 4464 quem
602 4413 668 4448 mox
686 4395 820 4451 citaturus
839 4413 911 4451 sum.
946 4397 1095 4450 Bistonius
1107 4395 1212 4450 Ouidio
1224 4395 1242 4451 i.
1256 4411 1282 4464 q.
1296 4396 1386 4449 Thra·

237 4463 297 4519 cius
317 4468 397 4520 Pont.
417 4464 435 4521 i.
454 4479 478 4533 3.
500 4477 540 4536 59,
560 4466 594 4522 iv.
617 4478 639 4535 5.
659 4478 701 4535 35.
792 4469 863 4523 380.
884 4467 948 4535 Lyc.
968 4467 1020 4536 988
1039 4464 1147 4534 Γληναις
1168 4466 1190 4519 δ’
1209 4466 1313 4537 ἄγαλμα
1331 4467 1388 4521 ταῖς
