3038 5010
411 1092 1025 1190 PROLEGOMENA.

701 1406 732 1482 Ι.

181 1621 306 1683 Ovrmus
325 1620 482 1701 postquam
499 1642 579 1684 anno
593 1623 681 1684 Vrbis
698 1627 753 1700 761
771 1625 818 1683 uel
834 1627 890 1699 762
908 1623 1033 1704 (uidetur
1051 1626 1130 1685 enirn
1148 1627 1198 1687 uix
1217 1628 1288 1687 satIs

140 1705 289 1782 explorata
302 1723 347 1764 res
361 1703 438 1784 esse)
452 1707 483 1763 in
497 1707 614 1764 exilium
628 1707 668 1765 ire
683 1708 778 1765 iussus
792 1716 861 1778 erat,
875 1724 979 1765 recens
997 1706 1098 1766 dolore
1117 1707 1288 1767 calamitatis

141 1805 199 1864 qua
213 1796 327 1862 praeter
340 1797 466 1845 mortem
480 1787 549 1845 nihil
564 1788 755 1847 miserabilius
769 1788 829 1863 pati
844 1788 946 1863 potuit,
961 1806 1079 1847 carmen
1093 1787 1161 1849 Ibin
1176 1789 1206 1848 in
1220 1808 1288 1849 eum

141 1869 254 1944 scripsit
268 1886 357 1944 quern
374 1887 410 1927 ex
428 1869 528 1927 amicis
545 1869 704 1940 inimicum,
719 1887 756 1927 ex
774 1869 840 1927 fidis
858 1868 1005 1927 infidelem
1024 1870 1078 1928 sibi
1099 1881 1289 1946 cognouerat.

142 1947 202 2007 Hic
223 1951 288 2025 quis
309 1950 401 2021 fuerit,
415 1949 557 2008 incertum
578 1959 639 2022 est;
662 1949 825 2009 Coruinum
841 1949 956 2008 Caelius
976 1949 1162 2029 Rhodiginus
1177 1950 1288 2031 (Antiq.

141 2029 221 2089 Lect.
236 2030 293 2088 xiii.
312 2049 324 2087 r
341 2040 490 2107 tamquam
505 2050 541 2090 ex
556 2030 674 2090 Caecilii
688 2031 843 2090 Minutiani
857 2031 973 2106 Apuleii
987 2029 1176 2111 fragmentis),
1193 2032 1227 2092 C.
1243 2034 1290 2092 Iu·

140 2110 212 2169 lium
233 2110 387 2188 Hyginum
410 2111 590 2187 SaluagniuS,
605 2113 648 2171 M.
665 2112 818 2172 Manilium
830 2119 949 2187 poetam
963 2113 1195 2172 Astronomicon
1210 2114 1290 2173 Mer-

141 2191 233 2251 lrelius
254 2194 292 2253 ad
312 2195 356 2252 Ib.
378 2211 427 2270 pp.
443 2196 584 2266 400-406
606 2195 797 2252 coniecerunt.
841 2193 881 2252 Et
901 2193 1047 2253 CoruInus
1068 2194 1188 2271 quidem
1206 2197 1230 2255 si
1247 2206 1292 2255 est

142 2271 271 2333 Messala
290 2273 435 2334 Coruinus
455 2274 492 2333 de
511 2292 570 2350 quo
586 2273 710 2333 Ouidius
730 2276 801 2333 haec
824 2275 893 2333 dicit
914 2275 997 2334 Pont.
1012 2274 1037 2334 Ι.
1053 2277 1097 2334 vii.
1115 2289 1216 2353 17-30
1230 2276 1293 2337 Nec

141 2360 206 2412 tuus
224 2362 265 2413 est
276 2357 387 2433 genitor
408 2374 456 2413 nos
477 2356 615 2431 infitiatus
635 2356 744 2427 amalos,
760 2356 900 2414 Hortator
920 2358 1008 2415 studii
1025 2376 1162 2431 causaque
1170 2360 1292 2436 faxque

142 2437 202 2494 mei.
248 2435 307 2496 Cui
317 2456 366 2495 nos
378 2445 404 2495 et
415 2437 556 2509 lacrimas,
571 2447 725 2512 supremum
741 2437 883 2514 insumre
896 2457 1003 2509 munus,
1017 2437 1063 2496 Et
1072 2439 1194 2497 dadinus
1207 2440 1292 2497 medio

142 2519 247 2592 scripta
265 2519 385 2576 canenda
392 2521 464 2595 foro
478 2515 577 2595 (alium
592 2530 689 2577 autem
709 2519 758 2577 qu
777 2516 914 2597 reperias)
929 2537 992 2577 non
1012 2529 1109 2596 potest
1130 2520 1154 2578 is
1175 2538 1240 2579 esse
1260 2520 1292 2578 in

143 2616 232 2674 quem
253 2599 318 2658 Ibin
339 2607 427 2676 poeta
449 2599 632 2675 composuit:
652 2599 732 2659 hunc
753 2600 832 2658 enim
853 2610 884 2658 ut
904 2601 1031 2659 amicum
1049 2599 1173 2660 Ouidius
1194 2601 1291 2678 elogio

143 2682 392 2740 commemorauit.
444 2681 508 2740 Nec
550 2682 727 2758 argumentis
752 2680 811 2739 suis
838 2680 925 2740 euicit
952 2680 1111 2741 Merlrelius
1139 2681 1293 2741 Manilium

143 2779 211 2819 eum
234 2761 337 2834 suisse;
366 2781 435 2821 narn
458 2761 528 2821 nihil
552 2773 597 2821 est
618 2762 649 2820 in
670 2762 755 2835 Ibide
779 2761 860 2838 quod
881 2769 1000 2838 poetam
1023 2763 1175 2840 significet,
1197 2782 1293 2840 neque

143 2849 248 2917 poetae
274 2844 453 2902 conueniunt
475 2843 524 2903 illa
552 2862 587 2916 14
613 2843 706 2902 laetat
725 2850 751 2900 et
773 2845 803 2901 in
823 2849 874 2901 toto
894 2846 1005 2903 nomena
1026 2850 1121 2903 nostra
1129 2846 1210 2923 faro,
1235 2864 1291 2918 ²3²

144 2921 253 2981 Latrat
270 2931 296 2982 et
313 2925 344 2981 in
364 2932 415 2984 toto
435 2926 519 2983 uerba
540 2927 642 2983 canina
652 2926 748 3003 foro,·
771 2942 867 3000 neque
887 2924 1021 2999 ignotum
1041 2931 1160 3001 poetam
1178 2928 1294 3001 publr'ca

144 3005 246 3062 mana
266 3015 421 3065 uocaturus
442 3017 512 3077 erat,
535 3006 586 3064 sed
607 3007 704 3083 potius
726 3018 829 3064 notum
851 3004 979 3082 aliquem
999 3006 1110 3082 populo
1132 3007 1193 3066 siue
1215 3007 1293 3065 dela·

145 3095 239 3143 torem
259 3086 321 3144 siue
345 3099 507 3160 oratorem;
533 3104 628 3162 neque
651 3087 687 3146 de
708 3087 820 3162 origine
842 3085 955 3144 Manilii
976 3086 1136 3164 quidquam
1156 3087 1293 3146 traditum

145 3175 204 3225 est:
235 3167 346 3225 Poenus
374 3178 472 3226 autem
496 3169 578 3245 quod
604 3169 635 3226 in
657 3167 856 3227 recentissimo
881 3167 984 3226 codice
1007 3167 1155 3226 Vossiano
1180 3168 1293 3226 nomini

145 3247 277 3307 adhaesit
304 3267 364 3307 non
393 3250 458 3326 plus
482 3249 569 3308 habet
594 3250 770 3308 auctoritatis
795 3267 883 3324 quam
907 3249 1005 3307 Nauta
1029 3248 1109 3324 quod
1133 3248 1293 3325 Propertio,

147 3327 267 3404 Coquus
292 3331 372 3405 quod
397 3330 523 3389 Martiali
545 3331 733 3390 coniunctum
755 3329 907 3388 inuenitur.
958 3329 1095 3407 Hyginus
1118 3338 1150 3388 ut
1174 3331 1211 3389 sit
1233 3329 1294 3388 Ibis

146 3410 237 3468 multa
257 3421 325 3469 sunt
344 3430 419 3488 quae
439 3411 471 3470 in
490 3412 690 3470 testimonium
711 3420 859 3470 uocentur.
903 3410 950 3470 De
967 3428 1026 3488 quo
1046 3411 1103 3471 hoc
1122 3411 1207 3470 tradit
1223 3410 1294 3469 Sue·

145 3492 243 3550 tonius
253 3490 383 3550 Gramm.
396 3512 433 3551 eo
445 3492 478 3553 C.
486 3491 582 3551 Iulius
589 3493 724 3568 &genus
732 3492 861 3570 Augusti
868 3493 980 3550 libertus
988 3495 1095 3551 natroru
1103 3492 1295 3567 Hispanus-

146 3573 276 3630 nonnulli
288 3572 522 3632 Alexandrinum
536 3580 643 3649 putant
660 3581 686 3631 et
703 3593 722 3631 a
738 3573 858 3632 Caesare
872 3584 992 3649 paurum
1008 3573 1129 3632 Romam
1148 3574 1295 3632 adductum

146 3653 331 3712 Alexandria
353 3656 590 3730 capta-studiose
612 3663 637 3714 et
659 3656 753 3712 audiit
769 3662 796 3712 et
815 3656 940 3714 imitatus
963 3662 1003 3713 est
1023 3655 1182 3716 Cornelium
1203 3655 1295 3714 Alex-

147 3735 268 3793 andrum
277 3739 494 3811 grammaticum
512 3735 660 3806 Graecum,
672 3755 748 3811 quem
755 3743 871 3812 propter
884 3738 1060 3811 antiquitatis
1073 3738 1197 3795 notitiam
1209 3736 1295 3812 Poly-

146 3816 274 3874 leistorem
299 3818 387 3889 multi,
409 3818 523 3894 qur'dam
543 3818 689 3875 distortam
706 3817 846 3875 uocabant.
884 3819 1012 3894 praefuit
1030 3818 1182 3876 Palatinae
1202 3817 1296 3875 bz'blr'o-

146 3896 244 3968 thecae,
267 3917 364 3957 necea
387 3901 476 3957 secius
496 3900 634 3973 plurimos
658 3900 770 3966 docuit,·
787 3900 906 3975 fuitque
918 3899 1171 3974 familiarissimus
1196 3897 1297 3956 Ouidio

141 3985 235 4054 poetae
250 3987 277 4037 et
296 3978 392 4039 Clodio
411 3979 511 4038 Lz'ce‘no
531 3980 675 4038 consulari
690 3981 829 4050 historico,
843 3980 896 4054 qui
909 3998 969 4037 eum
989 3980 1133 4037 admodum
1150 3989 1296 4054 pauperem

147 4060 286 4118 decessisse
301 4061 392 4119 tradit
409 4068 436 4119 et
453 4061 616 4119 liberalitate
636 4069 688 4118 sua
712 4062 804 4136 quoad
822 4062 936 4119 uenerit
954 4066 1139 4119 sustentatum.
1190 4060 1228 4117 In
1252 4060 1296 4118 his

148 4150 216 4199 sunt
233 4159 309 4217 quae
327 4142 358 4198 in
373 4142 440 4200 Ibin
460 4143 600 4218 quadrare
619 4143 779 4212 uideantur,
795 4139 840 4220 (ι)
856 4141 936 4218 quod
950 4141 1165 4200 Alexandrinus
1180 4141 1296 4199 habitus

148 4232 193 4281 est
207 4241 224 4281 a
237 4223 392 4282 nonnullis.
435 4223 515 4282 Nam
529 4223 589 4282 Ibis
603 4223 634 4281 in
648 4221 786 4298 Ce'rqrplna
800 4224 980 4281 humanatus
995 4233 1039 4282 est
1053 4222 1109 4302 (lb.
1124 4219 1204 4300 222),
1215 4222 1296 4298 quod

148 4321 203 4379 pro
217 4303 315 4362 Africa
328 4322 380 4380 per
394 4304 598 4382 synecdochen
615 4305 744 4380 positum
762 4313 844 4380 putat
864 4303 1036 4380 Saluagnius
1057 4304 1135 4362 unde
1146 4303 1295 4378 popularis

148 4384 176 4441 ei
198 4385 291 4443 leaena
314 4385 424 4444 dicatur
446 4384 548 4465 (5or);
570 4383 614 4464 (2)
630 4385 710 4461 quod
731 4385 877 4463 Hyginus,
899 4394 930 4443 ut
950 4397 1010 4443 erat
1031 4384 1188 4443 Alexandri
1210 4382 1295 4456 Poly-

148 4465 265 4525 historis
279 4466 412 4540 imitator,
426 4467 562 4527 historias
584 4467 645 4526 siue
667 4466 778 4605 sequias
799 4466 1011 4545 mythologicas
1025 4465 1204 4541 conscripsit,
1220 4479 1295 4540 quae

736 4567 751 4605 2
