3038 5010
590 369 938 434 connsnrsnivs.
1281 375 1337 446 143

191 531 283 585 Canes
296 528 372 584 circa
383 529 490 598 templa
506 536 534 583 et
551 528 640 596 τεμένη
653 527 770 581 deorum
783 527 931 581 alebantur
942 536 972 582 ut
990 525 1019 580 in
1031 521 1125 582 Aetna
1138 525 1251 582 Siciliae
1265 524 1338 596 (Ael.

190 603 226 655 H.
241 602 274 654 A.
288 601 323 654 xi.
338 600 365 668 3)
379 610 407 654 et
420 600 536 654 Adrano
556 599 628 668 (Ael.
643 600 681 653 H.
694 600 727 652 A.
740 598 775 652 xi.
790 597 844 666 20),
857 597 904 651 ubi
924 597 952 651 in
971 600 1078 667 templo
1098 598 1143 653 dei
1160 597 1337 667 cognominis

188 672 336 726 alebantur
364 688 421 724 non
446 669 539 724 minus
570 668 654 736 mille,
685 668 732 739 qui
760 668 880 722 interdiu
911 668 1129 723 blandiebantur
1159 669 1338 737 adeuntibus,

187 753 273 796 noctu
286 741 378 796 ebrios
395 741 441 795 uel
458 741 621 795 aberrantes
634 740 784 807 ducebant,
797 739 921 793 furantes
937 757 1141 809 nonnunquam
1154 739 1337 794 dilaniabant.

187 816 257 868 418.
281 814 365 866 Ante
393 815 476 866 diem
506 819 598 875 rapto
621 815 719 864 Traeo
744 810 820 879 quod
844 812 966 864 Trasum
997 809 1137 864 inmatura
1168 820 1258 864 morte
1290 810 1339 863 ab·

187 891 367 952 sumpserunt
381 900 387 936 :
407 881 448 935 sic
460 880 537 935 enim
550 891 712 935 constanter
724 886 789 934 aute
801 881 875 934 diem
887 880 1033 950 usurpauit
1048 880 1168 935 Ouidius
1189 883 1257 934 Her.
1271 879 1298 934 ii.
1313 881 1338 950 8,
1357 896 1360 905 ·

187 955 222 1008 A.
240 955 275 1008 A.
294 953 312 1006 i.
334 954 390 1019 184,
413 954 454 1007 M.
473 951 489 1006 i.
513 952 570 1019 148,
594 954 660 1005 Nux
678 965 735 1019 94;
767 949 851 1020 idque
877 951 934 1004 iam
959 949 1027 1004 olim
1051 951 1159 1005 monuit
1186 950 1339 1006 Domitius,

188 1023 264 1078 ‘sith
293 1024 361 1091 they
385 1021 461 1077 kilde
486 1023 612 1076 Thrasus
641 1022 738 1075 before
762 1020 806 1074 his
831 1021 915 1076 time'
945 1023 978 1076 T.
1004 1020 1194 1076 Vnderdown.
1243 1022 1337 1077 Schol.

187 1103 283 1148 tamen
314 1094 350 1148 de
380 1103 464 1147 nocte
496 1092 703 1161 interpretatur,
733 1101 879 1173 tamquam
910 1094 1016 1146 Trasus
1050 1092 1145 1147 lumen
1177 1093 1337 1146 accendens

188 1163 217 1218 in
233 1164 339 1233 templo
356 1181 374 1218 a
392 1163 509 1217 canibus
527 1163 678 1216 deuoratus
695 1161 786 1230 luerit,
803 1163 889 1232 idque
906 1161 1019 1217 uidetur
1036 1163 1156 1232 probare
1177 1161 1336 1218 Meinekius

186 1235 268 1289 Anal.
290 1235 370 1289 Alex.
390 1251 417 1304 p.
434 1246 473 1300 17.
512 1234 553 1287 Cf.
576 1250 649 1303 quae
670 1233 708 1287 ad
729 1244 777 1301 595
801 1233 888 1287 attuli.
928 1235 1004 1301 Hyg.
1024 1246 1075 1299 247
1089 1233 1162 1287 inter
1180 1250 1229 1287 eos
1251 1233 1337 1303 quia

187 1305 304 1359 canibus
323 1303 482 1373 consumpti
501 1314 565 1358 sunt
584 1303 664 1373 pouit
683 1301 827 1357 Thasium.
869 1304 991 1358 Thasius
1002 1305 1081 1372 Delo,
1098 1305 1175 1357 Anii
1188 1305 1338 1358 sacerdotis

186 1376 334 1446 Apollinis
344 1376 451 1445 filius,·
474 1392 511 1429 eu
529 1392 559 1427 eo
577 1375 649 1428 Delo
667 1375 766 1428 nullus
783 1375 861 1428 cauis
877 1381 925 1429 est.
961 1374 1055 1441 Strab.
1068 1375 1121 1440 486
1139 1375 1184 1426 οὐκ
1202 1376 1288 1443 ἔξεστι
1308 1374 1337 1428 δὲ

187 1446 246 1499 οὐδὲ
270 1445 331 1499 κύνα
355 1446 383 1499 ἐν
407 1445 484 1513 Δήλῳ
506 1445 619 1515 τρέφειν.
691 1447 760 1501 479.
778 1449 992 1510 speculantem
1013 1447 1166 1499 Actaeona.
1189 1447 1263 1513 Hyg.
1288 1446 1333 1498 181

186 1517 286 1571 Diana
297 1533 360 1570 cum
372 1517 404 1570 in
416 1515 492 1569 ualle
504 1517 670 1585 opacissima
680 1518 730 1570 cui
739 1531 838 1569 nomen
850 1521 891 1570 cst
908 1515 1075 1585 Gargaphia
1092 1516 1199 1568 aestiuo
1215 1519 1338 1585 tempore

177 1589 310 1657 fatigata
331 1604 367 1640 ex
385 1587 501 1640 assidua
522 1588 670 1640 uenatione
689 1603 718 1640 se
736 1587 778 1639 ad
785 1587 898 1655 sontem
918 1587 967 1640 cui
986 1603 1084 1639 nomen
1105 1592 1146 1640 est
1163 1586 1337 1640 Parthenius

181 1659 332 1728 perliceret,
354 1657 479 1711 Actaeon
503 1657 605 1711 Cadmi
626 1660 717 1726 nepos,
741 1657 873 1710 Aristaei
894 1663 921 1710 ct
943 1657 1088 1710 Autonoes
1103 1657 1196 1726 filius,
1219 1658 1337 1711 eundem

187 1728 277 1783 locum
297 1732 395 1798 petens
413 1729 455 1782 ad
471 1728 698 1797 refrigerandum
716 1732 790 1781 sect
809 1744 890 1782 canes
909 1744 979 1797 quos
999 1733 1160 1781 exercuerat
1174 1726 1258 1797 feras
1270 1730 1337 1797 per-

186 1815 308 1868 sequens,
326 1799 358 1851 i'n
376 1801 549 1868 conspectum
566 1799 633 1851 deae
649 1798 769 1852 incidit:
789 1799 842 1868 qui
858 1815 892 1851 ne
909 1798 990 1867 loqui
1000 1801 1101 1867 posset,
1120 1799 1152 1851 iu
1170 1815 1284 1852 ceruum
1302 1799 1337 1851 ab

186 1887 219 1922 ea
239 1874 281 1922 est
300 1885 456 1923 conuersus.
493 1871 536 1922 ita
557 1872 611 1938 pro
635 1885 715 1922 cerua
738 1869 879 1923 laceratus
901 1874 942 1922 est
965 1887 984 1922 a
1006 1869 1067 1921 suis
1089 1869 1210 1923 canibus.
1247 1872 1338 1923 labra

185 1939 327 1994 balneum.
341 1940 373 1993 F.
387 1938 423 1994 iv.
436 1938 485 2006 761
500 1940 560 1992 Nec
569 1940 711 2008 Dryadas,
724 1956 773 1993 nec
783 1956 833 1992 nos
845 1939 992 1993 uideamus
1003 1939 1083 1993 labra
1095 1940 1215 1992 Dianae.
1264 1941 1335 1994 480.

187 2012 397 2074 Crotopiaden
416 2009 600 2077 liparensibus
622 2008 730 2064 Callim.
751 2011 782 2064 fr.
796 2021 851 2078 315
870 2019 1003 2078 nepotem
1024 2009 1148 2078 Crotopi,
1168 2011 1336 2064 Psamathes

187 2097 221 2134 ex
235 2080 351 2134 Phoebo
364 2078 459 2134 lilium.
498 2081 568 2135 Stat.
582 2080 672 2134 Tmb.
686 2079 702 2134 i.
719 2092 769 2149 570
781 2097 842 2150 sqq.
886 2083 1045 2144 diripuere
1061 2081 1130 2134 Stat.
1149 2080 1239 2134 Theb.
1253 2079 1269 2133 i.
1286 2082 1335 2149 587

186 2151 280 2204 uiridi
295 2167 362 2204 nam
380 2151 497 2219 caespite
514 2156 606 2205 terrae
623 2151 783 2204 Proiectum
802 2156 901 2204 temere
918 2156 946 2205 et
959 2151 1061 2221 patulo
1079 2151 1186 2204 caelum
1210 2167 1257 2204 ore
1278 2157 1336 2204 tra-

186 2221 295 2275 hentem
307 2222 384 2274 Dira
396 2237 498 2275 canum
515 2222 605 2274 rabies
622 2227 716 2274 mortu
732 2222 849 2291 depasta
865 2227 979 2276 cruento
991 2221 1117 2277 Dissi'ei't.
1155 2223 1228 2275 Rern
1241 2230 1336 2276 narrat

189 2293 288 2345 Conon
305 2306 353 2359 19:
373 2292 406 2345 cl.
421 2292 553 2346 Welcker
565 2292 758 2346 Gesammelte
772 2291 912 2346 Schriften
925 2291 943 2347 i.
955 2309 982 2362 p.
1000 2291 1038 2345 16.
1138 2295 1207 2348 481.
1225 2309 1335 2357 angue.

186 2362 271 2430 Verg.
293 2363 327 2416 G.
349 2361 386 2416 iv.
406 2374 457 2430 457
479 2363 538 2416 Illa
561 2362 673 2432 quidem
696 2361 859 2431 (Eurydice)
879 2363 948 2416 dum
969 2368 996 2417 te
1008 2362 1125 2432 sugeret
1140 2367 1197 2432 per
1205 2363 1336 2433 flumina

181 2435 315 2502 praeceps
326 2433 474 2486 inmanem
491 2437 558 2486 ante
569 2433 654 2503 pedes
670 2432 792 2502 hydrum
809 2434 950 2487 moritura
962 2432 1063 2504 puella
1075 2435 1244 2487 Seruantcm
1257 2435 1338 2504 ripas

187 2503 248 2556 alta
266 2520 322 2556 uon
340 2504 417 2556 uidit
433 2504 465 2556 iri
482 2502 573 2556 herba.
646 2505 718 2558 482.
737 2507 822 2558 senis
840 2508 886 2557 τοῦ
903 2507 1023 2574 παλαιοῦ,
1037 2504 1133 2559 nescio
1151 2521 1187 2558 an
1206 2515 1336 2574 respectu

188 2571 302 2626 iunioris
312 2572 416 2642 Oeagri
426 2572 473 2642 qui
483 2573 586 2643 ἐγένετο
594 2575 700 2640 ποιητὴς
709 2575 763 2641 μετ’
773 2572 874 2643 Ὀρφέα
883 2576 924 2627 καὶ
933 2579 1068 2628 Μουσαῖον
1075 2575 1176 2629 Aelv.
1184 2576 1221 2629 H.
1230 2574 1283 2629 xiv.
1293 2590 1335 2630 21.

188 2643 236 2696 Sic
255 2660 298 2712 ap.
320 2643 442 2699 Statium
462 2644 490 2698 S.
504 2662 529 2698 v.
543 2659 567 2711 3.
585 2655 630 2712 151
648 2643 793 2699 Hesiodus
812 2661 846 2698 ac
859 2645 1026 2699 Theocritus
1045 2656 1182 2699 uocantur
1194 2646 1337 2699 Ascraeus

187 2715 356 2783 Siculusque
372 2731 475 2768 senex:
499 2713 533 2768 cf.
554 2715 588 2768 Ο.
610 2715 681 2769 lahn
700 2715 738 2768 ad
757 2712 833 2769 Pers.
854 2715 871 2771 i.
893 2730 950 2782 124.
988 2716 1068 2770 Prior
1086 2715 1131 2769 ille
1152 2717 1280 2784 Oeagrus
1299 2715 1337 2770 ad

187 2783 302 2838 heroica
313 2783 386 2839 redit
398 2793 536 2853 tempora,
549 2794 577 2840 et
594 2802 659 2839 curn
671 2802 728 2839 uua
742 2787 890 2839 Musarum
908 2783 1059 2840 condubuit
1074 2786 1168 2856 (Prop.
1182 2785 1210 2839 ii.
1224 2801 1267 2854 30.
1281 2787 1335 2855 35).

188 2857 302 2920 Oeagri
321 2857 538 2919 Calliopesque
555 2856 642 2910 Anth.
663 2857 692 2909 P.
709 2855 753 2910 vii.
772 2870 810 2910 10.
828 2871 838 2909 1
860 2857 1010 2924 Καλλιόπης
1025 2857 1128 2926 Ὀρφῐηα
1147 2857 1187 2909 καὶ
1205 2857 1335 2927 Οἰάγροιο.

189 2926 263 2994 Hyg.
281 2939 312 2991 14
327 2925 455 2995 Orpheus
469 2927 576 2996 Oeagri
585 2932 613 2979 et
626 2926 764 2996 Calliopes
775 2927 879 2980 Musae
882 2928 976 2997 filius.
1008 2927 1099 2996 Apoll.
1114 2929 1149 2981 R.
1163 2926 1180 2981 i.
1194 2941 1227 2995 23
1240 2928 1336 2994 Πρῶτά

187 3016 232 3049 νον
244 2996 360 3066 Ὀρφῆος
370 2996 539 3064 μνησώμεθα,
552 2998 597 3050 τόν
609 2995 641 3066 ῥά
653 2995 710 3050 ποτ’
723 2997 785 3065 aiiii)
799 2999 935 3065 Καλλιόπη
949 2994 1039 3065 θρίηικι
1052 2998 1186 3066 φατίζεται
1202 2998 1336 3064 εὐνηθεῖσα

188 3065 291 3138 Οἰάγρῳ
311 3067 419 3132 σκοπίης
440 3067 603 3133 Πιμπληίδος
622 3065 683 3136 όγχι
707 3066 835 3121 τεκέσθαι.
941 3070 1011 3122 483.
1033 3084 1113 3132 puer
1134 3070 1336 3133 Hypsipyles.

189 3137 264 3205 Hyg.
278 3149 312 3203 74
330 3137 442 3205 Septem
455 3137 582 3191 ductores
599 3138 652 3207 qui
674 3136 779 3191 Thebas
799 3140 994 3208 oppugnatum
1014 3139 1094 3192 ibant
1113 3138 1286 3192 deuenerunt
1305 3141 1337 3193 in

186 3208 322 3260 Nemeam
338 3208 388 3260 ubi
397 3208 555 3277 Hypsipyle
570 3208 597 3260 Τ
593 3208 713 3262 hoantis.
715 3209 785 3278 filia
801 3211 832 3262 in
846 3211 983 3263 seruitute
995 3213 1119 3279 puerum
1131 3208 1337 3262 Archemorum

186 3279 248 3330 siue
267 3277 401 3347 Ophelten
419 3278 490 3347 Lyci
508 3280 584 3348 regis
594 3279 695 3348 filium
716 3279 864 3334 nutriebat.
904 3281 961 3334 Cui
976 3283 1139 3350 responsum
1158 3285 1228 3347 erat,
1250 3296 1285 3333 ue
1305 3281 1337 3333 in

186 3352 264 3401 terra
272 3352 395 3417 pueriun
407 3349 561 3419 deponeret,
573 3355 724 3418 autequam
731 3353 826 3419 posset
836 3351 986 3404 ambulare.
1014 3365 1080 3420 ergo
1088 3350 1215 3403 ductores
1226 3354 1336 3421 septem,

186 3419 239 3487 qui
259 3418 364 3472 Thebas
380 3419 467 3484 ibant,
485 3424 592 3488 aquam
607 3425 769 3489 quaerentes
785 3421 958 3474 deucuerunt
974 3421 1015 3474 ad
1028 3421 1206 3490 Hypsipylen
1222 3438 1339 3490 eamque

187 3495 363 3558 rogauerunt
381 3494 416 3543 ut
437 3490 478 3542 eis
501 3506 605 3559 aquam
626 3490 837 3546 demonstraret.
858 3492 912 3545 illa
935 3493 1036 3544 timeus
1056 3495 1180 3560 puerum
1203 3493 1235 3544 in
1258 3497 1338 3546 terra

186 3559 328 3628 deponere,
346 3561 445 3629 apium
464 3560 634 3614 altissimum
655 3566 718 3614 erat
738 3563 777 3616 ad
790 3562 910 3631 sontem,
928 3563 961 3616 iu
984 3579 1040 3631 quo
1059 3566 1182 3631 puerum
1201 3561 1337 3632 deposuit.

187 3630 651 3768 reccesiunthus
672 3632 1236 3773 dlttlt‘tttttittlhttlt
1255 3634 1338 3772 hili·

187 3771 1338 3914 rulitante..rme{actitarint⁵1.....‘²⁸.t.5¹²r⁰5.t

187 3911 274 3964 scelus
291 3913 451 3981 expendisse
468 3918 616 3965 merentem
627 3913 787 3967 Laocoonta
794 3914 906 3983 ferunt,
921 3932 1033 3970 sacrum
1046 3916 1098 3984 qui
1114 3932 1163 3969 cus
1182 3916 1227 3969 ide
1238 3916 1339 3970 robur

190 3981 347 4036 Laeserit.
422 3984 768 4048 485.ςταε1αεκ1ῑμακοε.
805 3988 969 4050 Elpenore.
983 3987 1076 4040 Odia
1093 3997 1142 4055 552
1169 3985 1295 4056 Ελτίηνωρ
1309 3985 1339 4039 δέ

188 4072 227 4105 τις
238 4052 298 4106 ἔσκε
311 4053 443 4114 νεώτατος,
456 4056 514 4106 οὔτε
532 4074 557 4106 τι
575 4055 633 4122 λίην
644 4050 772 4122 Ἀλκιμος
789 4055 818 4109 έν
835 4057 941 4123 πολέμω
960 4059 1018 4110 οὔτε
1036 4059 1133 4125 φρεσὶν
1150 4052 1212 4123 ᾗσιν
1229 4056 1338 4125 ἀρηρώς,

183 4118 233 4176 'Os
252 4143 296 4188 μοι
317 4120 400 4176 άνεοθ
421 4123 518 4193 ἑτάρων
538 4124 614 4191 ἱεροῖς
637 4123 664 4177 ἐν
689 4124 789 4192 δώμασι
810 4127 912 4196 Κίρκης,
926 4109 1037 4196 ι*Ινίνχεος
1056 4128 1165 4196 ἱμείρων,
1183 4124 1338 4195 κατελέξατο

188 4191 360 4262 οἰνοβαρείων.
396 4193 541 4261 Κινυμένων
570 4192 591 4246 δ’
620 4196 717 4263 ἑτάρων
746 4193 842 4262 ὅμαδον
869 4198 910 4249 καὶ
937 4197 1033 4251 δοῦπον
1059 4196 1173 4251 ἀκούσας
1202 4194 1339 4263 Ἐξαπίνης

188 4260 322 4332 ἀνόρουσε,
348 4264 389 4317 καὶ
417 4263 539 4317 ἐκλάθετο
563 4264 660 4335 φρεσὶν
684 4260 747 4333 ᾗσιν
768 4263 910 4337 ’Δφορῥον
937 4269 1076 4334 καταβῆναι
1104 4267 1148 4320 tbi
1174 4266 1202 4322 ές
1227 4266 1338 4332 κλίμακα

143 4361 149 4370 .
187 4331 399 4424 μακρφην,”ρλλλδ
417 4333 568 4419 καταντγκρὺ
591 4334 680 4407 τέγεος
701 4334 790 4391 πέσεν·
814 4337 843 4389 ἐκ
868 4335 897 4389 δέ
921 4339 945 4390 ol
962 4336 1043 4407 αὐχὴν
1059 4334 1248 4419 Ἀστραγάλων
1264 4336 1338 4417 ξάγη,

183 4403 300 4542 iiiii
324 4404 443 4543 liti
459 4405 612 4545 {illita
633 4477 675 4531 ..i
695 4408 951 4549 ruffilli?
971 4407 1007 4465 ‘³⁸
1028 4407 1280 4542 {hildilid
1298 4405 1339 4530 li
