3038 5010
192 391 248 448 160
596 387 941 450 COMMENTARIVS.

188 543 311 612 ἐμήσατο.
348 550 394 596 ΙΠ.
409 541 499 611 Ὠμοι.
517 543 607 613 φρονῶ
625 542 655 611 δὴ
674 541 801 612 δοίμονίἷ
817 541 842 610 μ’
858 542 986 596 άπάλεσε.
1024 547 1093 595 APP.
1112 542 1191 610 Τιμῆς
1208 541 1340 612 ε’μέμφθη,

189 616 368 684 σωφρονοῦντι
381 611 404 666 δ’
417 614 519 683 ἤχθετο.
589 618 798 669 moribundus
816 613 852 667 de
871 629 905 667 eo
924 611 1025 666 dicitur
1042 611 1089 681 qui
1106 611 1230 679 grauiter
1243 615 1339 668 uulne-

188 694 265 738 ratus
283 694 403 738 mortem
415 693 475 738 toto
488 701 605 754 corpore
617 684 735 754 accepit.
774 683 831 738 Cic.
847 685 920 738 Sest.
932 681 1021 737 xxxix.
1036 683 1068 750 85
1088 683 1233 735 tribunum
1248 685 1340 753 plebis

183 754 254 823 plus
266 756 376 824 uiginti
386 755 551 808 uulneribus
566 757 684 825 acceptis
701 757 833 808 iacentem
852 754 1104 821 moribundumque
1121 753 1242 806 uidistis.
1281 754 1340 808 Sed

189 824 235 878 hic
257 825 376 878 fortasse
397 835 522 894 praestat
543 826 620 894 quod
637 825 724 878 habet
743 827 768 877 T
787 825 946 877 moriturus
957 824 985 878 h.
996 840 1019 877 e.
1034 822 1077 876 cui
1097 822 1126 875 in
1145 822 1210 876 fatis
1229 834 1289 878 erat
1308 834 1339 879 ut

188 904 350 948 moreretur.
423 898 492 950 578.
510 898 594 949 Exul
615 895 643 948 in
666 894 779 948 exilium
798 904 878 948 actus
900 903 1014 963 propter
1035 892 1210 961 suspiciones
1232 894 1338 948 Thesei

190 964 276 1034 Hipp.
300 966 464 1033 1048-1050,
487 978 561 1034 1125.
633 969 786 1032 attonitis,
806 963 953 1031 exterritis,
972 963 1093 1032 primum
1114 963 1208 1016 sonitu
1230 965 1338 1018 subter-

188 1052 282 1102 raneo,
297 1034 399 1089 deinde
419 1034 524 1103 ingenti
542 1036 628 1090 fluctu
643 1053 677 1089 ex
690 1052 746 1104 quo
759 1045 854 1089 taurus
868 1033 1007 1103 prouenit,
1019 1043 1163 1102 postremo
1181 1033 1290 1103 mugitu
1308 1045 1337 1090 et

187 1104 349 1173 praesentia
366 1105 438 1158 tauri
454 1105 553 1175 (Hipp.
570 1104 747 1172 1201-1217).
819 1107 989 1158 excutiaris
1003 1104 1086 1172 ‘may
1097 1120 1153 1172 you
1172 1103 1208 1157 be
1228 1104 1338 1158 dashed

188 1175 284 1228 rothe
302 1175 429 1244 ground!
471 1178 543 1230 Aen.
561 1195 587 1230 x.
609 1188 659 1244 590
677 1178 845 1228 Excussus
863 1192 951 1228 curru
970 1173 1187 1227 moribundus
1207 1176 1340 1229 uoluitur

187 1247 276 1298 aruis.
348 1248 416 1301 578.
435 1249 569 1311 Propter
584 1263 658 1311 opes
675 1261 812 1310 magnas.
842 1247 908 1298 Eur.
925 1246 996 1298 Hec.
1012 1260 1044 1296 ιο
1061 1244 1152 1296 Πολὺν
1167 1243 1195 1296 δὲ
1213 1245 1262 1297 σὺν
1280 1247 1338 1312 ἐμοὶ

187 1316 288 1383 χρυσὸν
306 1315 428 1382 ἐκπέμπει
447 1316 531 1386 λάθρα
547 1312 637 1386 Ποτῆρ
656 1315 806 1385 (Priamus,
822 1314 953 1383 Polydori
972 1314 1072 1383 pater).
1144 1320 1181 1367 ut
1199 1319 1338 1378 perdidit

187 1388 303 1449 hospes
327 1389 499 1441 alumnum.
538 1389 610 1441 Hec.
632 1398 671 1508 ἥδ
694 1387 790 1439 Κτείνει
817 1407 848 1453 με
876 1388 977 1473 μρυσοῦ
1003 1385 1049 1439 τὸν
1073 1385 1236 1453 ταλαίπωρον
1260 1386 1338 1456 χάριν

188 1456 266 1509 Elaos
282 1456 400 1524 πατρῷοι
419 1458 460 1508 καὶ
479 1459 575 1511 κτονὼν
586 1457 613 1511 s's
632 1479 655 1509 οι
671 1454 696 1524 μ’
709 1456 772 1510 ἁλὸς
785 1455 876 1523 Μεθῆχ
895 1452 926 1507 ἵν’
939 1455 1014 1508 αὐτὸς
1029 1455 1128 1523 χρυσὸν
1139 1455 1167 1508 ἐν
1180 1454 1267 1523 δόμοις
1279 1458 1337 1525 ἔχῃ.

187 1528 310 1593 hospes,
333 1527 530 1594 Polymnestor
555 1526 599 1581 cui
622 1526 750 1580 Priamus
776 1525 947 1594 Polydorum
969 1525 1148 1579 educandum
1172 1525 1335 1581 tradiderat.

186 1598 259 1651 580.
277 1599 413 1660 exiguas.
456 1597 532 1650 Hinc
551 1596 701 1665 suspiceris
716 1595 805 1650 Ibidis
824 1596 949 1649 fortunas
968 1598 1026 1648 no'n
1045 1594 1085 1649 ita
1103 1612 1221 1663 magnas
1239 1596 1336 1652 fuisse.

189 1669 256 1720 581.
275 1683 330 1720 sex
342 1683 414 1720 oum
425 1670 691 1721 Damasichthone
703 1669 819 1733 fratris,
834 1665 905 1719 filios
920 1664 1037 1719 Niobes.
1074 1667 1164 1719 Erant
1180 1667 1337 1721 secundum

186 1736 317 1804 Apollod.
332 1735 369 1790 iii.
386 1748 408 1805 5.
425 1749 438 1805 5
457 1737 569 1806 Sipylus
590 1737 715 1806 Minytus
735 1736 906 1806 (Eupinytus
925 1737 999 1803 Hyg.
1017 1734 1059 1804 11)
1075 1738 1204 1789 Ismenus
1220 1739 1337 1804 Agenor

188 1804 346 1872 (Archenor
365 1806 452 1875 Hyg.)
473 1807 645 1861 Phaedimus
664 1809 810 1861 Tantalus.
852 1808 914 1860 Hos
937 1815 1046 1874 septem
1064 1806 1167 1875 Apollo
1188 1805 1336 1875 interfecit,

187 1892 298 1930 sorores
311 1886 338 1931 et
352 1876 429 1946 ipsas
442 1887 551 1947 septem
566 1877 669 1944 Diana,
683 1877 749 1947 quia
762 1877 857 1931 Niobe
869 1875 1041 1930 fecunditate
1054 1893 1085 1930 se
1097 1893 1194 1945 parem
1209 1879 1336 1935 Latonae

187 1945 303 2000 dixerat.
343 1949 486 2001 Homerus
507 1949 539 2002 ll.
558 1948 629 2002 xxiv.
644 1948 695 2001 602
721 1947 764 2000 bis
789 1964 838 2001 sex
863 1947 966 2000 liberos
988 1945 1099 2000 Niobae
1122 1945 1227 2014 tribuit,
1250 1947 1336 2001 Mim-

187 2032 301 2071 nermus
320 2027 348 2071 et
369 2017 507 2071 Pindarus
526 2017 570 2071 bis
588 2019 696 2085 decem,
715 2017 762 2071 alii
780 2017 861 2072 aliter
882 2015 1023 2085 (Apollod
1043 2017 1059 2069 l.
1074 2033 1098 2070 c.
1112 2017 1174 2070 Ael.
1187 2017 1222 2071 V.
1237 2019 1273 2070 H.
1289 2017 1335 2074 xii.

188 2085 243 2152 36).
358 2090 426 2140 588.
446 2090 587 2154 Addidit,
608 2098 713 2142 mortes
735 2087 885 2141 liberorum
906 2086 1057 2140 cumulauit
1080 2103 1140 2152 sua,
1160 2086 1336 2156 ‘completed

187 2157 235 2210 the
254 2156 310 2210 tale
329 2158 362 2209 of
376 2156 420 2210 his
439 2157 587 2211 children's
607 2158 707 2211 deaths
726 2158 764 2226 by
778 2157 823 2211 his
842 2158 921 2210 own!
959 2158 990 2210 F.
1004 2156 1040 2210 vi.
1054 2158 1104 2225 798
1121 2159 1223 2227 coeptes
1240 2159 1337 2212 addite

186 2242 298 2278 summa
322 2228 396 2280 meis.
476 2229 591 2281 fidicen
614 2227 768 2296 Amphion,
792 2227 909 2282 maritus
935 2227 1052 2281 Niobes.
1133 2243 1191 2281 sua
1214 2230 1336 2285 funera.

188 2298 257 2349 Met.
279 2295 314 2350 vi.
337 2310 385 2362 271
409 2298 488 2350 Nam
507 2301 595 2367 pater
613 2298 767 2367 Amphion,
783 2298 868 2367 ferro
886 2301 941 2366 per
956 2300 1055 2366 pectus
1076 2297 1181 2365 adacto,
1203 2299 1338 2353 Finierat

187 2367 310 2418 moriens
322 2368 438 2435 pariter
452 2385 515 2421 cum
534 2369 595 2421 luce
611 2369 740 2421 dolorem.
779 2368 837 2421 Sed
857 2367 988 2436 Hyginus
1007 2382 1023 2436 9
1042 2367 1125 2422 docet
1144 2368 1335 2436 Amphionem

187 2452 252 2488 curn
265 2437 401 2505 templum
415 2437 554 2507 Apollinis
567 2455 727 2507 expugnare
740 2438 824 2492 uellet
837 2438 874 2492 ab
886 2437 1017 2507 Apolline
1030 2436 1140 2506 sagittis
1157 2437 1335 2493 interfectum

187 2522 257 2560 esse.
360 2509 430 2561 584.
449 2511 535 2562 iusta
552 2507 777 2575 ‘well-merited,'
795 2507 889 2577 qualia
906 2517 935 2562 te
953 2507 1046 2561 subire
1064 2525 1116 2576 par
1134 2518 1185 2574 est,
1204 2508 1251 2577 qui
1270 2508 1336 2563 talis

189 2575 237 2629 sis.
269 2577 349 2630 Pont.
364 2576 398 2631 iv.
417 2590 454 2646 15.
472 2593 515 2646 29,
531 2593 566 2645 30
577 2579 620 2631 Et
632 2579 723 2647 pudet
733 2583 761 2631 et
772 2585 864 2632 metuo
876 2582 1035 2648 semperque
1052 2579 1199 2647 eademque
1211 2581 1335 2648 precare}

186 2646 232 2698 Ne
249 2646 366 2700 subeant
383 2650 478 2701 animo
496 2647 607 2702 taedia
624 2648 714 2703 iusta
732 2656 789 2703 tuo.
891 2652 961 2702 585.
980 2665 1069 2702 soror
1086 2652 1212 2712 Pelopis
1231 2649 1335 2718 Niobe,

187 2716 300 2769 Tantali
313 2716 378 2770 filia.
450 2735 533 2772 saxo.
573 2720 647 2786 Hyg.
668 2734 684 2786 9
703 2720 747 2773 At
762 2720 896 2790 genitrix
913 2719 1008 2773 liberis
1027 2719 1093 2771 orba
1104 2719 1203 2787 flendo
1222 2720 1336 2789 lapidea

179 2786 263 2855 sacta
284 2804 340 2839 esse
358 2788 466 2841 dicitnr
483 2791 514 2841 in
537 2795 628 2841 monte
645 2790 754 2859 Sipylo,
775 2791 887 2858 eiusque
905 2788 986 2843 lodie
1005 2790 1139 2843 lacn‘mae
1157 2805 1274 2843 manare
1292 2790 1335 2843 di·

187 2863 300 2910 cuntur.
327 2857 359 2911 Il.
367 2858 439 2913 xxiv.
447 2859 499 2924 614
509 2863 565 2911 Νῦν
575 2859 604 2912 δέ
615 2880 665 2912 που
675 2861 702 2912 ἐν
712 2860 845 2946 πέτρῃσινζ
853 2859 881 2912 ἐν
890 2862 994 2928 οὔρεσιν
1003 2857 1222 2926 οἶοπόλοισιν,Ἐν
1231 2858 1336 2932 Σιπύλῳ

187 2925 228 2979 ὅθι
245 2928 314 2996 φοσὶ
327 2927 408 2981 θεάων
420 2930 523 2997 ἔμμεναι
540 2929 612 2983 εὐνάς
625 2931 767 2999 Νυμφάων,
780 2927 808 2983 ai
821 2952 837 2984 τ
856 2929 922 2998 ἀμφ’
934 2931 1074 2998 Ἀχελάιιον
1086 2927 1336 2998 ἒῤῥώσοντο,”Ενθο

188 2995 246 3050 θεός
263 3018 312 3066 περ
330 2999 411 3052 εὀῦσο
429 2998 494 3051 θεῶν
506 2998 533 3051 ἐκ
553 2999 629 3067 κήδεα
646 2999 750 3053 πέσσει.
820 3003 938 3053 oborto.
972 3001 1013 3053 M.
1026 3018 1053 3053 v.
1066 3014 1117 3052 202
1133 3000 1261 3071 Gorgone
1272 3017 1334 3053 con·

186 3070 279 3136 specta
297 3084 366 3120 sano
383 3071 524 3123 concreuit
541 3068 642 3137 oborto,
655 3088 679 3123 x.
693 3070 727 3137 67
740 3087 808 3123 sano
822 3073 994 3140 percorpus
1012 3070 1104 3123 oborto
1118 3069 1170 3138 ‘by
1188 3087 1206 3123 a
1224 3070 1335 3125 sudden

187 3137 296 3204 growth
315 3138 347 3190 of
362 3140 459 3192 stone)
539 3142 609 3193 586.
628 3143 744 3205 lingua.
783 3141 860 3194 Lact.
875 3142 986 3193 Narrat.
1001 3139 1029 3193 ii.
1045 3155 1073 3193 11
1088 3141 1194 3209 Apollo
1211 3142 1290 3193 Iouis
1308 3145 1337 3195 et

186 3208 314 3261 Latonae
325 3209 411 3277 filius
427 3226 491 3262 cum
508 3212 594 3278 prom
611 3211 730 3263 Admeti
745 3209 873 3263 Pheretis
884 3210 950 3278 filii
964 3213 1099 3279 pasceret,
1112 3210 1230 3278 fistulae
1248 3215 1335 3264 cantu

186 3276 366 3330 solitudinem
374 3282 531 3349 protegens,
541 3279 622 3333 bones
632 3282 693 3333 eius
704 3282 736 3333 in
749 3297 833 3349 agros
840 3281 940 3350 Pyliae
951 3282 1075 3350 regionis
1084 3283 1248 3350 progressae
1258 3286 1335 3349 sunt,

186 3363 258 3414 quas
269 3348 434 3402 Mercurius
445 3351 552 3402 auertit
562 3355 590 3403 et
600 3352 632 3403 in
643 3351 719 3404 silua
731 3351 862 3404 occubuit.
888 3351 965 3419 quod
973 3367 1035 3403 cum
1048 3352 1152 3403 Battus
1163 3351 1248 3404 Nelei
1248 3351 1335 3419 filius

186 3434 272 3485 equas
281 3421 399 3487 pascens
416 3421 538 3487 aedisset,
550 3421 714 3474 Mercurius
726 3437 792 3474 nero
805 3426 839 3473 ut
848 3422 986 3473 indicium
993 3425 1140 3491 premeret,
1153 3437 1190 3473 ex
1199 3422 1336 3473 armemis

178 3488 417 3556 formosissimam
430 3506 543 3543 uaccam
555 3492 584 3542 ei
593 3493 728 3545 concessit.
765 3497 798 3545 at
812 3491 861 3545 ille
877 3491 1030 3545 discedenti
1043 3491 1201 3560 affirmauit
1211 3491 1335 3560 lapidem

181 3560 350 3626 prom'mum
362 3576 442 3627 quem
455 3560 572 3613 uidisset
585 3560 702 3614 celerius
717 3578 802 3630 quam
818 3578 847 3614 se
862 3563 1011 3630 quicquam
1028 3561 1230 3614 indicaturum.
1265 3561 1335 3614 deus

187 3643 254 3679 uero
267 3635 300 3681 ut
311 3630 441 3682 mortalis
444 3631 533 3699 fidem
545 3632 728 3699 experiretur,
737 3632 839 3701 paullo
847 3635 914 3701 post
926 3637 1037 3684 mutata
1048 3633 1148 3701 figura
1165 3632 1206 3684 ad
1217 3632 1334 3685 eundem

186 3714 316 3750 reuersus
333 3704 381 3766 est,
400 3701 602 3769 simulauitque
618 3718 647 3754 se
664 3703 782 3754 omissas
799 3702 880 3755 boues
896 3718 1035 3770 quaerere,
1050 3707 1077 3754 et
1089 3703 1252 3771 praemium
1266 3704 1333 3769 pro·

186 3768 266 3820 misit
276 3771 304 3821 si
313 3769 535 3823 demonstrasset.
564 3777 596 3823 at
607 3771 656 3825 ille
667 3789 730 3825 cum
742 3772 792 3824 sub
804 3789 858 3840 quo
870 3777 962 3824 monte
968 3775 1155 3840 pascerentur
1165 3772 1333 3839 ostendisset,

186 3837 351 3890 Mercurius
366 3840 489 3908 perfidia
510 3841 571 3893 eius
591 3843 710 3910 offmsus
731 3841 762 3894 in
787 3841 933 3910 lapidem
958 3858 1030 3896 eum
1056 3841 1204 3906 mutauit,
1224 3843 1277 3910 qui
1298 3841 1334 3893 ab

186 3913 288 3959 euentu
307 3907 405 3961 index
423 3911 497 3962 eirca
515 3911 619 3990 Pylum
638 3917 765 3965 uocatur.
803 3911 960 3966 Historiam
978 3921 1092 3966 narrant
1111 3910 1229 3964 Ouidius
1251 3913 1290 3965 M.
1304 3910 1334 3966 ii.

187 3975 318 4044 683-7o7‚
335 3980 401 4030 Ant.
421 3978 556 4033 Liberalis
574 3981 647 4047 xxiii,
661 3981 708 4051 qui
725 3982 798 4037 inter
814 3991 943 4036 auctores
960 3981 1086 4036 nominat
1107 3980 1282 4035 Nicandrum
1303 3980 1333 4035 in

189 4046 432 4126 Heteroeumenis,
450 4049 609 4103 Hesiodum
628 4050 656 4104 in
674 4052 769 4120 Eoeis,
782 4052 961 4122 Apollonium
979 4052 1123 4106 Rhodium
1140 4051 1168 4105 in
1182 4051 1332 4120 Epigram-

187 4116 318 4170 matrbus.
361 4120 484 4173 Battus.
512 4122 602 4174 Erant
615 4122 755 4190 quaedam
768 4124 866 4176 Βάττου
879 4122 983 4176 σκοπιαὶ
995 4122 1071 4176 iuxta
1083 4122 1246 4176 Maenalum
1260 4137 1333 4190 quae

187 4202 303 4266 causam
322 4187 459 4242 dederunt
478 4189 597 4258 fabulae,
617 4200 653 4260 et,
672 4191 696 4245 si
716 4193 786 4246 fides
806 4192 910 4246 Ouidio
930 4195 972 4246 M.
985 4191 1011 4245 ii.
1026 4193 1086 4260 706,
1103 4209 1208 4245 nomen
1224 4192 1333 4245 Indias

186 4257 353 4311 retmebant.
439 4262 506 4316 5851.
526 4264 620 4316 Adra.
658 4264 725 4316 Non
738 4263 775 4316 ad
788 4273 895 4317 certum
908 4279 941 4316 ac
955 4262 1064 4316 finitum
1076 4262 1227 4316 terminum
1240 4261 1332 4316 mitte·

185 4326 254 4380 bant
277 4327 379 4396 discos,
398 4329 449 4382 sed
472 4332 646 4385 conabantur
671 4343 806 4402 quantum
832 4332 995 4402 longissime
1019 4349 1070 4401 per
1093 4349 1215 4386 uacuum
1237 4337 1332 4385 a'e'rem

185 4397 395 4466 prospiciebant
408 4399 529 4455 iaculari.
568 4401 615 4455 Sic
629 4403 768 4472 Phlegyas
781 4403 827 4456 ille
839 4420 883 4472 ap.
898 4404 967 4457 Stat.
979 4404 1011 4456 T.
1021 4402 1057 4457 vi.
1067 4402 1119 4468 678
1132 4418 1188 4456 non
1196 4404 1333 4472 protenus

185 4466 303 4524 horrida
320 4471 415 4541 campi
430 4471 544 4541 Iugera,
562 4473 613 4528 sed
627 4474 722 4531 caelo,
739 4473 886 4529 dextram
904 4472 1044 4543 metitur,
1062 4472 1197 4542 damiane
1214 4473 1333 4530 Pressas
