3038 5010
582 381 929 443 COMMENTARIVS.
1273 389 1329 444 153

180 539 370 612 Amphionem
389 539 428 595 ὅτι
446 539 474 595 ἕν
492 539 569 612 διόδῳ
588 537 602 607 ἢ
623 539 662 594 ὅτι
680 541 749 609 ἀμφὶ
768 539 828 592 otoo
845 539 922 593 αὐτὸν
940 539 1023 592 ἔτεκεν
1041 539 1130 593 idest
1146 541 1280 609 quoniam
1298 543 1330 596 in

180 612 256 665 biuio
274 630 335 665 eam
350 613 445 666 aaron.
482 614 534 681 qui
544 615 696 681 postquam
713 617 830 664 matrem
847 616 1027 679 agnouerunt
1037 611 1143 664 Dircen
1160 612 1201 664 aa'
1213 618 1330 665 taurum

180 683 349 736 indomitum
361 683 514 753 deligatam
533 684 595 735 uita
609 684 777 751 priuarunt.
849 684 1015 744 inperioea.
1045 681 1232 750 Prop.iii.15.
1250 697 1280 749 13
1299 683 1327 736 A

180 755 308 822 quoti'ens
329 754 447 823 pulcros
475 753 547 806 ussit
574 754 673 822 regina
703 751 812 820 (Dirce)
843 752 960 820 capillos
987 751 1145 820 (Antiopes)
1171 753 1331 821 Molliaque

180 825 294 876 inmites
301 824 374 892 finit
385 825 417 877 in
429 840 480 876 ora
493 839 602 877 manus.
638 823 666 874 A
680 824 807 890 quotiens
815 821 963 890 famulam
973 824 1070 891 pensis
1082 824 1212 876 omrauit
1223 825 1331 892 iniquis

180 893 224 946 Et
240 897 326 963 caput
343 896 374 948 in
391 895 467 947 dura
478 897 584 963 pomre
599 894 684 946 iussit
698 892 791 946 numo.
828 893 918 962 Saepe
930 892 1012 945 illam
1026 894 1173 946 inmundis
1185 896 1273 961 passa
1291 898 1332 946 est

181 962 309 1016 habitare
329 964 454 1031 tenebras,
480 964 567 1017 Vilcm
590 965 703 1016 ieiunae
724 966 804 1033 saepe
828 964 946 1043 negauit
965 980 1078 1030 aquam.
1156 967 1235 1028 Lyoi
1256 963 1330 1032 regis

181 1034 383 1087 Thebanorum
395 1034 527 1102 Apollod.
539 1033 577 1087 iii.
593 1046 614 1101 5.
631 1045 652 1100 5.
690 1033 775 1086 Varie
793 1033 897 1087 tradita
916 1042 958 1087 est
977 1032 1102 1101 historia,
1115 1043 1146 1086 ut
1163 1051 1197 1088 ex
1214 1034 1329 1102 Hygino

183 1103 237 1170 7,8
256 1114 381 1173 apparet.
453 1107 521 1158 537.
542 1107 652 1168 paelex
669 1106 774 1156 inuita
795 1107 912 1157 sororis
931 1102 1088 1157 Philomela
1109 1120 1194 1172 quam
1214 1106 1329 1171 TereuS,

182 1173 300 1227 maritus
323 1175 445 1228 Procnes
468 1173 571 1227 sororis
593 1173 662 1241 eiuS,
680 1175 804 1226 inuitam
826 1175 857 1226 in
876 1178 965 1226 morte
984 1176 1146 1243 compressit
1167 1176 1254 1243 (Hyg.
1274 1173 1331 1243 45),

182 1243 402 1314 Luctantemque
425 1246 511 1313 loqui,
533 1248 723 1314 comprensam
760 1245 851 1312 orcipe
873 1244 1012 1313 linguam,
1034 1244 1164 1297 Abstulit
1186 1262 1248 1297 ense
1262 1245 1330 1314 sero

183 1314 236 1382 (M.
247 1313 283 1369 vi.
299 1315 370 1383 556).
405 1317 487 1368 Haec
499 1315 535 1368 ab
550 1314 665 1383 Hygino
674 1318 730 1384 pae
741 1331 778 1367 ex
792 1315 819 1367 T
815 1314 878 1381 erei,
892 1314 928 1367 ab
943 1313 1046 1367 Ouidio
1055 1315 1159 1383 paelex
1168 1317 1274 1368 sororis
1285 1315 1330 1369 bis

183 1393 301 1438 uocatur
314 1387 368 1452 (M.
381 1384 416 1439 vi.
430 1397 490 1453 537,
503 1385 576 1453 606).
663 1387 733 1438 538.
752 1389 825 1438 ante
837 1386 931 1448 pedes
943 1389 1016 1438 tuoe
1028 1393 1056 1438 te
1069 1384 1131 1453 ipso
1144 1384 1328 1453 inspectante.

182 1457 253 1517 539,
266 1458 337 1510 540.
356 1455 462 1524 Recepi
476 1454 704 1508 emendationem
719 1454 867 1524 Leopardi,
878 1454 930 1508 etsi
944 1454 1074 1508 codicum
1087 1454 1254 1524 scripturam
1268 1455 1329 1525 ipse

183 1534 289 1578 tutatus
307 1525 414 1579 fueram
434 1525 462 1578 in
482 1525 581 1579 Diario
601 1524 774 1593 Philologiae
795 1523 956 1593 cantabrig.
974 1524 1020 1578 vii.
1040 1541 1087 1605 pp.
1101 1537 1161 1593 252,
1181 1540 1206 1592 3.
1252 1527 1329 1580 Fons

183 1594 243 1648 uitii
257 1595 285 1648 in
299 1605 429 1664 corrupta
446 1612 515 1649 uoce
527 1596 601 1648 lesus
617 1595 694 1664 quod
712 1611 810 1648 uerum
828 1611 885 1648 non
904 1611 967 1648 esse
984 1593 1088 1647 indicio
1106 1605 1148 1648 est
1161 1596 1239 1663 laius,
1254 1597 1330 1666 quod

184 1665 270 1719 habet
291 1666 437 1720 Conradus
457 1666 493 1720 de
513 1668 603 1720 Mure.
676 1668 828 1719 Conditor
845 1668 954 1719 tardae
974 1668 1074 1730 cyrae
1093 1675 1135 1718 est
1155 1667 1263 1734 Battus,
1282 1667 1329 1736 qui

186 1737 311 1804 Cyrenas
336 1735 471 1804 condidit,
493 1735 545 1790 sed
569 1745 633 1805 post
658 1737 761 1790 multos
787 1752 876 1789 annos
901 1734 1003 1804 quibus
1028 1735 1057 1788 in
1081 1735 1174 1789 uarias
1199 1737 1329 1805 regiones

184 1805 260 1859 orbis
281 1805 503 1875 diuagatusest,
523 1815 553 1860 ut
572 1815 687 1860 narrant
709 1806 872 1860 Herodotus
891 1805 926 1860 iv.
943 1807 1071 1874 153-158,
1092 1805 1216 1860 lustinus
1234 1807 1289 1860 xiii.
1305 1820 1329 1874 7.

183 1878 252 1930 539.
278 1879 437 1931 Conditor.
482 1876 579 1930 lustin.
599 1876 656 1930 xiii.
675 1889 690 1941 7
712 1876 816 1946 Cyrem
839 1877 951 1929 condz'ta
966 1877 1032 1945 suit
1056 1876 1090 1928 ab
1111 1878 1252 1945 Aristaeo,
1277 1878 1329 1931 cui

184 1962 306 2000 nomen
325 1948 424 2001 Batto
440 1956 578 2015 propter
593 1946 729 2015 linguae
746 1945 987 2014 obligationem
996 1946 1070 2015 suit.
1108 1947 1214 2001 Herod
1229 1947 1264 2002 iv.
1281 1949 1330 2017 156

185 2016 352 2086 συγκτίζουσι
368 2018 457 2087 Βάττῳ
474 2015 597 2083 Κυρήνην.
636 2016 780 2072 Heraclid.
798 2018 879 2070 Pont.
897 2033 924 2085 p.
938 2031 989 2069 212
1005 2016 1107 2070 Moller
1123 2017 1239 2084 Κυρίηνην
1252 2015 1331 2088 ᾤκισε

185 2087 290 2141 Βάττος.
345 2090 498 2141 Conditor
511 2090 611 2152 cyrae
624 2086 664 2139 sic
677 2086 784 2141 dictum
796 2086 908 2140 uidetur
920 2095 950 2139 ut
965 2086 1065 2140 Graeci
1078 2103 1136 2140 non
1149 2088 1240 2141 solum
1252 2090 1331 2140 πόλιν

185 2156 284 2222 κτίζειν,
296 2156 346 2211 sed
359 2159 456 2210 κόλπον
464 2159 548 2227 μυχὸν
558 2167 585 2212 et
596 2156 698 2210 similia
708 2157 844 2211 dixerunt.
866 2156 932 2226 (Vit.
946 2157 1083 2211 Herodot.
1092 2155 1132 2225 ii.)
1159 2157 1206 2211 Sic
1216 2163 1331 2213 uastare

184 2228 341 2280 exscindere
357 2227 462 2282 hostem
480 2245 526 2297 ap.
545 2227 684 2282 Tacitum.
719 2227 848 2296 (Shilleto
867 2227 904 2281 ad
923 2228 1011 2281 Thuc.
1025 2226 1052 2281 ii.
1065 2227 1120 2296 61.)
1157 2228 1222 2281 Pari
1244 2229 1330 2283 modo

186 2296 293 2352 Statius
311 2299 340 2352 S.
353 2297 388 2352 iv.
403 2312 427 2364 3.
441 2311 473 2364 72
489 2299 660 2367 Camporum
672 2297 739 2350 bone
750 2299 878 2351 conditor
889 2315 1012 2351 meorum
1029 2297 1097 2352 dixit
1115 2298 1151 2352 de
1165 2299 1330 2353 Domitiano

185 2367 354 2422 Vulturnum
373 2370 455 2422 alueo
474 2367 636 2423 continente
654 2377 683 2422 et
702 2377 819 2436 pontem
838 2385 922 2437 super
940 2377 1072 2422 struente.
1152 2372 1261 2423 tardae
1282 2371 1330 2424 Se-

185 2438 309 2491 cundum
321 2438 499 2492 Herodotum
510 2440 610 2492 Battus
623 2455 688 2491 cum
701 2438 837 2492 Theraeis
851 2440 968 2492 Platean
981 2455 1031 2519 per
1044 2438 1115 2492 duos
1128 2456 1226 2508 annos,
1236 2440 1330 2494 Azirin

185 2523 236 2576 per
257 2525 306 2561 sex
326 2508 467 2563 incolebat
489 2509 652 2578 priusquam
675 2508 703 2561 in
724 2508 909 2576 Cyrenaicam
928 2519 1005 2562 uemt
1025 2508 1071 2575 (iv.
1088 2522 1144 2578 157,
1161 2512 1232 2579 158).
1273 2511 1331 2565 Sed

185 2587 296 2647 etpost
315 2589 462 2649 acceptum
482 2596 499 2633 a
517 2579 619 2647 Pythia
636 2595 812 2649 responsum,
826 2596 882 2649 quo
901 2578 968 2632 iussi
988 2589 1067 2632 erant
1080 2579 1206 2634 Africam
1225 2591 1329 2650 petere,

186 2646 361 2702 interiectum
386 2659 498 2718 tempus
519 2649 613 2718 fuisse,
636 2666 689 2702 nec
714 2649 811 2702 statim
835 2666 895 2703 rem
919 2650 1070 2717 adgressos
1095 2650 1180 2705 tradit
1205 2651 1329 2706 lustinus

185 2718 239 2771 xiii.
252 2731 277 2785 7.
342 2721 481 2774 Blaesus.
514 2719 561 2774 Sic
574 2721 705 2773 Romano
718 2719 833 2773 nomine
845 2729 928 2773 uocat
941 2721 1069 2787 Battum,
1083 2729 1229 2790 tamquam
1242 2720 1330 2791 ἰσχνό-

185 2790 274 2857 φωνον
292 2790 332 2842 καὶ
350 2792 461 2859 τραυλὸν
475 2789 595 2859 (Herod.
609 2790 644 2845 iv.
661 2789 730 2858 155).
769 2790 894 2857 Hesych.
910 2792 1006 2843 Βάττος
1022 2791 1123 2852 Λίβυες·
1145 2793 1331 2858 τραυλόφωνος

186 2858 359 2928 ἰσχνόφωνος.
403 2862 474 2916 Orta
492 2859 603 2915 uidetur
620 2861 691 2914 haec
710 2859 902 2929 interpretatio
921 2859 1042 2913 nominis
1062 2877 1096 2913 ex
1115 2862 1229 2914 oraculo
1247 2860 1330 2931 Βάττ’,

185 2929 227 2982 ἐπὶ
245 2929 333 2998 φωνὴν
351 2927 442 2997 ἤλθετε
467 2947 639 3000 quamquam
661 2948 759 2984 reuera
777 2932 882 2984 Battus
901 2929 1037 2998 Libycum
1058 2947 1163 2984 nomen
1183 2933 1258 3001 regis
1278 2931 1330 2987 fuit

185 3008 257 3053 teste
272 3000 378 3054 Herod.
393 3000 428 3056 iv.
444 3013 501 3069 155.
575 3004 675 3064 cyrae
688 3000 774 3054 fontis
788 3001 897 3070 (Steph.
909 3001 941 3054 Β.
951 3017 973 3055 s.
982 3017 1007 3053 u.
1020 2999 1128 3066 Κυρήνη,
1143 3001 1235 3055 Schol.
1248 3001 1329 3058 Pind.

186 3071 269 3138 Pyth.
288 3069 321 3125 iv.
344 3083 402 3139 523,
426 3071 535 3126 Callim.
554 3073 592 3126 H.
610 3072 703 3141 Apoll.
723 3072 756 3125 88
776 3080 803 3125 et
823 3068 929 3137 Schol.)
948 3071 996 3123 uel·
1012 3070 1117 3125 montis
1137 3072 1217 3139 (lust.
1237 3071 1291 3125 xiii.
1313 3085 1328 3137 7

179 3141 276 3211 pulsis
298 3142 398 3196 accolz's
421 3147 541 3195 montem
567 3142 661 3212 Cyran
684 3147 712 3195 et
730 3145 851 3211 propter
872 3142 1067 3194 amoenitatem
1091 3142 1147 3195 loci
1164 3146 1192 3195 et
1235 3145 1333 3210 ropter

175 3211 272 3281 fontis
289 3212 441 3266 ubertatem
459 3211 636 3281 occupauere)
656 3212 685 3265 in
704 3229 760 3281 quo
780 3210 895 3265 condita
916 3221 958 3264 est
979 3213 1095 3279 Cyrene.
1134 3213 1198 3280 Quo
1239 3214 1332 3282 Cyrae

184 3281 277 3350 priore
296 3282 405 3350 syllaba
423 3282 560 3351 producta
578 3282 681 3352 posuit,
700 3282 730 3336 id
748 3299 805 3335 non
824 3299 858 3335 ex
876 3281 985 3336 Callim.
1003 3283 1041 3335 H.
1054 3283 1146 3351 Apoll.
1160 3284 1194 3336 88
1212 3300 1329 3337 excuses

187 3350 265 3419 (nam
284 3351 322 3405 ibi
341 3353 522 3406 scribendum
540 3363 582 3406 est
605 3370 669 3406 cum
692 3355 727 3407 O.
747 3352 921 3406 Schneidero
941 3369 975 3405 ex
994 3351 1108 3405 Pindari
1128 3353 1223 3406 Schol.
1243 3355 1272 3407 P.
1293 3354 1327 3408 iv.

187 3434 236 3489 523
254 3423 285 3475 Oi
304 3419 326 3474 δ’
345 3426 415 3476 οὔπω
432 3423 533 3491 πηγῇσι
550 3422 634 3492 Κάρης
649 3421 770 3476 ἐδύναντο
785 3424 927 3488 πελάσσαι,
945 3438 1003 3475 non
1019 3423 1101 3492 πηγῇς
1117 3423 1210 3491 (codd.
1227 3424 1329 3492 πηγῆς),

185 3492 237 3545 sed
258 3509 292 3546 ex
313 3492 373 3561 pari
395 3492 584 3547 inconstantia
606 3510 662 3562 qua
683 3492 784 3561 Κυρήνη
806 3492 926 3562 primam
945 3492 1083 3561 syllabam
1101 3493 1187 3547 modo
1205 3494 1329 3563 longam,

186 3563 272 3616 modo
293 3573 452 3632 correptam
471 3563 566 3631 habet,
585 3573 615 3618 ut
638 3563 725 3617 fusius
747 3564 830 3618 docet
853 3563 1042 3617 Schneiderus
1062 3563 1091 3616 in
1112 3564 1163 3617 loc.
1258 3569 1330 3620 540.

186 3633 352 3686 Notandum
365 3633 465 3702 triplex
478 3650 563 3687 sonus
576 3636 615 3701 in,
629 3634 705 3703 quod
718 3633 746 3687 in
761 3633 865 3688 Ouidio
881 3650 949 3687 sane
966 3633 1064 3688 rarius.
1100 3634 1147 3687 Ad
1159 3634 1329 3689 sententiam

185 3701 313 3758 similiter
333 3705 501 3773 Lycophron
524 3704 559 3758 de
580 3705 712 3758 Menelao
731 3705 776 3759 Al!
793 3706 843 3771 823
863 3704 958 3759 Hoiovs
977 3703 1113 3771 θαλάσσης
1135 3705 1178 3756 οὐκ
1198 3704 1330 3774 ἐρευνησει

185 3773 296 3842 μυχοάς;
319 3774 402 3826 Ποίαν
421 3774 448 3826 δὲ
465 3774 562 3843 χέρσον
581 3774 626 3827 οὐκ
645 3773 791 3844 ἀνιχνεάσει
809 3776 911 3843 μολάιν;
931 3774 994 3828 Val.
1015 3776 1046 3828 F.
1062 3773 1097 3828 iv.
1110 3788 1162 3842 447
1181 3776 1241 3828 Nec
1258 3775 1333 3829 mili

184 3844 305 3897 diuersis
327 3850 454 3898 erratum
478 3845 587 3898 casibus
610 3847 700 3898 orbem
724 3846 855 3899 Amissas
879 3850 932 3898 ant
944 3845 1019 3913 flere
1042 3846 1137 3899 domos
1160 3851 1212 3898 ant
1234 3847 1331 3901 dulcia

184 3918 294 3983 tempus
305 3915 437 3968 Lumina.
544 3918 610 3969 541.
630 3915 711 3969 ‘And
723 3917 784 3970 that
797 3917 846 3970 the
858 3916 930 3984 busy
943 3917 1001 3969 Bee
1014 3915 1043 3968 in
1056 3917 1094 3969 th’
1108 3917 1184 3984 Eyes
1197 3915 1241 3969 hir
1253 3917 1330 3972 hurt-
1391 3960 1396 3965 .

184 3985 233 4037 lull
246 3985 338 4053 stinge
351 4002 416 4054 may
429 3982 518 4039 sticke
531 4004 537 4039 :
555 3987 596 4038 As
609 3985 675 4040 with
689 3987 737 4040 the
750 4002 828 4040 same
845 3986 874 4039 in
891 3986 974 4041 times
991 4003 1062 4055 agoe
1075 3986 1142 4054 they
1155 3986 1204 4040 did
1216 3988 1330 4041 Acheus

184 4054 297 4123 pricke.'
325 4057 358 4109 T.
367 4055 556 4110 Vnderdown.
627 4059 740 4125 opifex,
759 4057 906 4126 ἐργοφόρος
923 4057 985 4111 Ael.
1005 4059 1043 4111 H.
1056 4057 1089 4110 A.
1103 4075 1129 4111 v.
1141 4071 1185 4123 42.
1223 4057 1330 4111 Nescio

184 4141 221 4179 an
233 4142 322 4192 genus
335 4142 420 4194 apum
432 4125 560 4179 siluestre
572 4127 724 4195 respexerit
737 4144 810 4196 quae
825 4128 914 4180 nculto
930 4127 1123 4180 iracundiores
1138 4129 1189 4180 sed
1201 4132 1281 4198 opere
1298 4145 1332 4181 ae

184 4194 277 4249 labore
287 4200 465 4266 praestantes
476 4195 607 4249 dicuntur
619 4214 636 4250 a
650 4197 741 4250 Plinio
753 4196 788 4252 xi.
801 4209 840 4265 59.
871 4197 987 4251 Aristot.
999 4199 1037 4250 H.
1045 4199 1080 4250 A.
1091 4196 1125 4251 ix.
1136 4212 1172 4263 40
1180 4199 1205 4249 ai
1218 4198 1267 4250 ἀπὸ
1280 4203 1330 4250 τῶν

183 4265 316 4333 ὑλονάμων
329 4263 466 4336 δοσάτεραι
479 4268 521 4319 καὶ
535 4267 657 4321 ἐλάττους
675 4269 716 4321 καὶ
733 4268 928 4338 ἐργατικὼτεραι
946 4268 986 4319 καὶ
1004 4269 1190 4336 χαλεπώτεραι.
1261 4271 1328 4320 uati

184 4339 268 4399 quod
285 4339 360 4390 feeit
378 4336 424 4390 ‘as
446 4337 467 4390 it
486 4338 596 4391 treated
616 4338 664 4392 the
687 4339 765 4391 seer!
802 4338 844 4391 Cf.
866 4350 923 4405 574.
962 4336 1018 4390 Hic
1039 4336 1150 4390 datiuus
1170 4336 1329 4390 rarissimus

183 4405 286 4460 dicitur
298 4409 427 4476 Driigero
440 4406 515 4461 Hist.
530 4408 609 4476 Synt.
623 4408 638 4461 i.
653 4425 680 4476 p.
692 4420 750 4476 519,
764 4406 811 4477 qui
825 4407 891 4462 citat
905 4409 969 4461 Ter.
981 4407 1070 4461 Andr.
1084 4407 1100 4461 i.
1115 4422 1135 4462 1.
1149 4408 1192 4475 85,
1206 4406 1263 4460 Cic.
1277 4422 1329 4474 pro

185 4478 267 4532 Caec.
281 4476 317 4532 xi.
330 4492 373 4546 30.
427 4481 553 4534 Achaeo
567 4478 629 4547 quis
641 4478 732 4548 fuerit,
747 4478 892 4532 incertum.
930 4477 1106 4532 Scholiastae
1119 4486 1233 4546 poetam
1246 4475 1328 4530 huius
