3038 5010
583 387 931 447 COMMENTARIVS.
1275 391 1330 446 123

182 553 272 598 morte
286 544 336 596 sed
352 544 446 613 palam
465 552 590 610 necatos,
604 542 822 611 secundianum,
835 543 949 596 Arsiten
967 559 1031 596 cum
1045 541 1190 612 Artyphio,
1205 541 1330 596 Pissuth·

182 633 237 669 nen
253 617 339 683 (Pers.
355 615 397 680 48,
414 627 454 681 51,
469 612 513 681 52)
528 630 598 683 quos
611 623 705 666 narrat
720 614 838 667 Darium
853 615 964 668 Ochum
977 614 1013 668 εἷς
1028 615 1073 680 τὴν
1088 613 1187 667 σποδὸν
1200 613 1330 681 ἐμβαλεῖν.

183 685 317 739 Similiter
330 702 373 753 ap.
391 685 496 737 Herod.
510 684 536 736 ii.
555 700 604 736 100
623 687 649 736 N
653 684 748 738 itocris
762 683 839 750 αὐτην
851 706 894 747 μιν
906 683 984 752 ῥίψαι
996 684 1022 737 ές
1035 681 1126 752 οἰκημα
1139 684 1239 736 σποδοῦ
1252 682 1332 736 πλέον

181 767 209 810 et
232 756 260 808 in
283 755 354 808 libro
373 755 609 808 Maccahaeorum
627 754 653 808 ii.
677 770 713 822 13.
735 767 747 822 5
769 756 917 808 Menelaus
937 755 965 808 in
984 764 1087 808 turrem
1106 756 1220 823 plenam
1238 753 1332 807 cinere

182 827 325 879 coniectus
348 824 456 878 dicitur.
504 828 638 879 Secundi
666 825 755 878 Nothi
777 825 837 878 siue
861 825 941 880 Ochi.
1074 829 1139 880 316.
1167 828 1332 878 subsidens

181 897 300 950 sortasse
324 895 521 964 explicandum
545 914 579 949 ex
606 898 695 949 Maec.
719 896 745 949 ii.
773 911 810 962 13.
834 908 847 963 5
869 893 950 949 Ἐστι
975 896 1003 949 δὲ
1027 896 1055 948 ἐν
1077 899 1113 966 τῷ
1138 898 1209 965 τόπῳ
1234 893 1333 964 πύργος

180 968 336 1034 πεντήκοντα
363 970 452 1034 πηχῶν
472 965 572 1033 πλίηρης
597 967 706 1019 σποδοῦ.
744 965 818 1020 οὗτος
842 966 870 1019 δὲ
894 965 1003 1036 άργανον
1027 962 1081 1035 εἶχε
1109 966 1248 1035 περιφερὲς
1270 967 1332 1018 πάν-

181 1037 255 1091 τοθεν
279 1036 441 1104 ἀπόκρημνον
464 1036 500 1090 εἰς
524 1038 569 1104 τὴν
593 1037 699 1090 σποδόν.
738 1035 862 1090 Ἐνταῦθα
886 1039 931 1090 τὸν
953 1034 1099 1103 ἱεροσυλίας
1122 1037 1212 1105 ένοχον
1236 1034 1296 1087 όντα
1318 1033 1332 1102 ἰ)

182 1109 222 1159 καὶ
235 1129 310 1160 τινων
322 1108 410 1159 άλλων
422 1106 550 1176 ὑπεροχὴν
561 1106 730 1173 πεποιημένον
743 1107 851 1162 ἅπαντες
863 1108 1047 1175 προσωθοῦσιν
1059 1108 1094 1162 εἰς
1106 1105 1221 1176 ὄλεθρον.
1261 1107 1333 1159 Cum

181 1196 246 1231 reus
269 1177 297 1230 in
316 1176 424 1230 cineres
442 1177 567 1230 deiectus
586 1185 669 1245 esset,
689 1178 820 1231 machina
837 1178 960 1246 quadam
978 1178 1007 1230 hi
1030 1178 1222 1244 uersabantur,
1242 1177 1332 1230 donec

183 1247 392 1302 subsidentibus
411 1247 457 1316 qui
480 1247 582 1300 summi
604 1248 722 1316 fuerant,
745 1247 806 1317 ipse
828 1249 914 1301 etiarn
933 1249 1048 1302 obrutus
1065 1258 1093 1302 et
1113 1249 1265 1300 suffocatus
1281 1257 1331 1300 est.

183 1319 271 1372 Viuos
286 1318 332 1371 uel
350 1317 456 1370 calidos
472 1317 579 1371 cineres
597 1318 683 1372 fuisse
700 1328 796 1372 censet
811 1320 840 1372 C.
857 1320 886 1372 L.
902 1318 1011 1372 Grimm
1030 1319 1067 1371 ad
1085 1319 1136 1370 loc.
1203 1320 1333 1370 deuoret

183 1399 280 1458 utpote
302 1387 462 1441 minutatim
484 1398 659 1458 consumpta,
679 1389 789 1443 sidente
808 1389 943 1456 paulatim
962 1406 1026 1442 curn
1049 1387 1188 1442 cineribus
1207 1404 1332 1455 corpore.

182 1463 246 1514 317.
265 1462 411 1512 oliuifera
430 1461 499 1512 Stat.
520 1460 609 1512 Theb.
624 1459 658 1512 iv.
675 1473 708 1527 50
724 1460 871 1529 oliuifhrae
889 1460 1017 1529 Sicyonis
1038 1460 1128 1512 Culta.
1202 1461 1333 1522 Sicyone

183 1532 322 1595 profecto
342 1530 434 1583 Schol.
456 1531 594 1582 Neoclem
612 1529 680 1583 dicit
693 1547 777 1599 quern
795 1531 917 1583 eundem
934 1547 967 1583 ac
984 1529 1130 1582 Nicoclem
1144 1528 1229 1582 fuisse
1246 1528 1333 1597 liquet

183 1617 217 1654 ex
243 1600 331 1654 Suida
355 1617 416 1653 s.u.
442 1601 606 1666 Φιλοποίμην.
659 1600 715 1653 Hic
740 1618 803 1653 cum
831 1600 959 1668 Sicyonis
984 1599 1162 1667 tyrannidem
1187 1598 1333 1652 interfecto

184 1673 276 1724 Pasea
291 1679 465 1739 occupasset,
486 1670 521 1723 ab
540 1673 628 1724 Arato
649 1681 763 1724 coactus
782 1681 824 1724 est
843 1688 893 1740 per
912 1671 1054 1724 cuniculos
1074 1688 1107 1723 ex
1124 1670 1193 1722 urbe
1211 1669 1333 1736 effugere

185 1753 241 1795 Rc.
263 1753 346 1808 252-1
373 1741 523 1808 (Freeman
544 1740 618 1795 Hist.
638 1742 670 1794 of
686 1742 804 1794 Federal
825 1743 1015 1795 Government
1038 1758 1063 1810 p.
1085 1740 1144 1807 360,
1165 1740 1235 1792 Plut.
1255 1741 1331 1792 Arat.

185 1812 256 1879 3-9).
295 1812 366 1864 Cum
386 1828 452 1864 uero
471 1811 540 1863 nihil
559 1811 595 1864 de
616 1811 698 1865 huius
724 1821 813 1865 morte
838 1812 930 1865 tradat
954 1811 1128 1878 Plutarchus
1151 1810 1202 1863 sed
1224 1819 1333 1863 tantum

185 1883 301 1935 domum
326 1881 413 1949 ipsius
438 1881 591 1949 incensam,
616 1891 799 1949 tyrannorum
823 1899 868 1935 res
893 1881 921 1935 in
944 1898 1093 1935 commune
1121 1880 1249 1947 cessisse,
1275 1897 1334 1932 sus-

184 1952 263 2021 picor
288 1951 500 2019 intelligendum
526 1969 595 2005 esse·
613 1962 660 2006 aut
687 1950 726 2020 (1)
749 1952 944 2022 Ννορίιναιιναι
970 1952 1135 2020 tragoedum
1162 1950 1333 2019 Sicyonium,

185 2039 270 2091 quem
293 2021 395 2075 Suidas
421 2022 505 2075 tradit
530 2023 709 2091 παιδαγωγοὺς
735 2024 775 2075 καί
797 2024 899 2076 οἰκετῶν
922 2023 1038 2086 βάσανον
1060 2021 1210 2085 inuenisse,
1235 2020 1335 2073 famili-

185 2110 263 2145 arem
288 2102 383 2145 autem
407 2092 557 2145 Alexandri
585 2094 621 2146 ab
643 2111 677 2146 eo
702 2110 758 2146 una
783 2110 847 2146 cum
872 2093 963 2147 amico
990 2093 1161 2148 Callisthene
1187 2091 1334 2145 tormentis

185 2163 384 2231 interemptum
408 2162 501 2216 fuisse.
541 2165 625 2216 Hunc
650 2163 726 2216 idem
752 2165 853 2217 Suidas
876 2182 896 2217 s,
917 2182 942 2218 u.
969 2163 1147 2230 Καλλισθένης
1173 2163 1335 2216 Nearchum

186 2234 316 2302 appellat.
356 2232 488 2302 ibiquae
508 2233 543 2287 de
560 2233 732 2288 Callisthene
750 2235 836 2288 habet
855 2235 931 2289 Suid.
953 2235 1001 2288 ὑπὸ
1019 2235 1133 2303 φθειρῶν
1151 2231 1336 2303 ὑπερβλύσεως
1414 2243 1421 2253 “

185 2306 225 2355 καὶ
244 2304 392 2372 ἐκβράαεως
410 2309 454 2356 τὸν
471 2305 531 2363 βίον
548 2302 729 2373 καταστρέφει,
742 2305 814 2358 bene
833 2305 862 2359 in
879 2316 998 2359 mortem
1012 2306 1150 2374 quadrant
1162 2306 1289 2368 frigoris
1302 2320 1335 2356 ac

186 2377 287 2440 famis,
313 2374 425 2443 qualem
450 2373 584 2428 describit
607 2375 734 2429 Ouidius.
772 2386 820 2429 aut
841 2375 878 2444 (2)
905 2377 980 2446 quod
1004 2386 1081 2429 ratus
1106 2384 1148 2428 est
1175 2374 1334 2427 Ludouicus

188 2445 343 2513 Campbell‚
366 2445 531 2498 Adrastum.
570 2444 617 2514 qui
641 2445 761 2513 Sicyone
786 2446 958 2511 ἐμβασιλευεν
979 2447 1010 2500 ll.
1031 2447 1057 2499 ii.
1081 2459 1129 2514 572
1151 2444 1246 2515 ibique
1265 2455 1335 2498 tam·

187 2532 272 2584 quam
285 2515 367 2567 heros
378 2516 522 2569 colebatur
536 2516 641 2569 Herod.
654 2535 677 2569 v.
687 2516 730 2582 67.
752 2517 837 2570 Cuius
851 2517 1002 2570 infortunia
1016 2515 1118 2585 (πάθεα)
1132 2533 1196 2569 curn
1211 2514 1334 2583 Sicyonii

187 2583 300 2653 tragicis
314 2585 406 2637 choris
425 2586 582 2639 celebrasse
596 2586 724 2640 dicantur
737 2588 773 2641 ab
791 2588 892 2641 eodem
907 2589 1054 2641 Herodoto
1067 2587 1101 2640 vi.
1117 2588 1151 2653 8.,
1164 2587 1197 2639 cf.
1214 2585 1333 2639 Bentleii

188 2656 307 2709 Dissert.
328 2655 363 2708 de
378 2656 455 2708 Phal.
469 2673 515 2725 pp.
530 2671 590 2724 332,
604 2672 663 2724 339,
677 2658 721 2711 ed.
736 2660 826 2726 Dyce,
843 2657 943 2712 merito
962 2676 1025 2712 cum
1043 2657 1171 2725 Sicyonis
1191 2656 1335 2710 mentione

188 2726 416 2794 coniungendum
441 2736 501 2780 erat
526 2727 555 2780 id
580 2728 656 2795 quod
681 2727 710 2780 in
734 2728 777 2781 his
803 2728 895 2782 choris
920 2746 977 2781 non
1002 2728 1150 2781 minimum
1176 2727 1252 2780 dictu
1277 2726 1335 2794 luit,

187 2813 263 2848 mors
285 2796 407 2850 Adrasti.
449 2799 495 2850 De
517 2814 573 2866 qua
594 2799 748 2852 Pausanias
770 2799 811 2852 sic
833 2799 917 2853 tradit
940 2799 955 2852 i.
977 2814 1011 2866 43
1033 2797 1101 2850 αἴτια
1120 2799 1208 2850 αἰτοῦ
1227 2798 1336 2850 θανάτου

187 2870 267 2935 γῆρας
285 2869 325 2918 καὶ
344 2867 388 2932 τὴν
406 2866 548 2937 Αἰγιαλέως
565 2868 687 2937 γενέσθαι
705 2869 841 2936 τελευτηνι
871 2870 904 2923 cf.
925 2871 995 2925 Stat.
1013 2869 1101 2922 Theb.
1116 2867 1171 2921 viii.
1186 2868 1236 2920 262
1255 2884 1339 2936 aeger

187 2939 271 2989 ςααίο.
309 2938 427 3006 Propius
446 2947 542 2991 tamen
561 2939 598 2992 ad
617 2950 736 2993 mortem
756 2940 865 2993 accedit
876 2941 1002 3010 frz'gpris
1014 2940 1160 3007 fatuisque
1178 2937 1268 3007 qualis
1291 2937 1337 2989 hic

189 3007 362 3076 describitur,
385 3008 502 3062 historia
525 3009 662 3063 Demetrii
686 3010 857 3079 Poliorcetis,
878 3028 934 3080 quo
953 3009 1047 3064 Ouidii
1068 3009 1208 3062 distichon
1228 3007 1335 3077 primus

187 3078 328 3132 reuocaui.
366 3080 443 3132 Nam
464 3078 503 3147 (3)
523 3080 685 3135 Demetrius
706 3082 854 3135 Σικυωνίους
873 3083 975 3136 ἔπεισεν
996 3079 1025 3132 οὗ
1044 3085 1089 3132 νῦν
1107 3079 1207 3131 οἰκοῦσι
1226 3078 1337 3146 μετοικί-

188 3147 295 3201 σασθαι·
322 3149 359 3220 τῷ
380 3149 408 3202 δὲ
427 3151 498 3219 τόπῳ
520 3151 560 3202 καὶ
579 3155 689 3219 τοῦνομα
710 3152 755 3218 την
775 3153 851 3205 πόλιν
868 3152 1123 3218 συμμεταβαλοῦσαν
1141 3149 1195 3201 άντί
1215 3153 1338 3201 Σικυῶνος

189 3219 353 3287 Δημητριάδα
377 3223 599 3289 προσηγόρευσεν.
646 3223 728 3291 (Plut.
754 3224 835 3276 Dem.
858 3221 912 3290 25.)
955 3223 1053 3290 ltaque
1075 3238 1094 3274 a
1116 3222 1246 3287 Sicyone
1267 3235 1337 3283 pro·

188 3291 270 3344 fecto
286 3290 347 3343 he.
364 3308 381 3343 a
399 3291 582 3345 Demetriade
599 3292 679 3361 quasi
697 3309 746 3360 per
763 3293 894 3360 aenigma
910 3309 1014 3346 nomen
1032 3291 1083 3345 uiri
1102 3290 1234 3344 declarat.
1270 3291 1337 3341 Non

189 3360 282 3413 minus
301 3360 419 3415 illustrat
439 3363 557 3415 alterum
576 3379 600 3415 u.
622 3362 734 3416 distichi
755 3367 802 3416 Sit
819 3367 920 3428 frigus
937 3366 1049 3416 mortis
1067 3378 1162 3415 eausa
1178 3363 1338 3423 famesque

189 3436 263 3484 tuae
281 3447 401 3500 sequens
420 3432 537 3486 historia
557 3433 703 3501 Demetrii,
721 3443 872 3502 postquam
891 3452 908 3488 a
926 3450 1013 3500 regno
1034 3432 1224 3485 Macedonum
1241 3431 1338 3499 pulsus

189 3500 293 3569 μορφὴν
311 3501 424 3570 ἀμείψας
441 3503 472 3554 ἐκ
488 3504 547 3556 θεοῦ
563 3504 706 3571 βροτησίαν
722 3504 750 3556 in
763 3504 862 3558 Asiam
881 3503 1011 3574 profugit,
1030 3503 1124 3572 ibique
1143 3512 1241 3555 contra
1261 3500 1339 3568 Lysi·

190 3572 323 3624 maehum
345 3588 379 3624 ac
398 3573 546 3626 Seleucum
565 3590 629 3627 cum
649 3574 770 3628 exercitu
792 3575 960 3643 belligerans
982 3573 1077 3627 multis
1097 3572 1241 3626 mensibus
1262 3572 1338 3624 fame

191 3658 224 3694 ac
250 3641 361 3709 frigore,
390 3653 532 3711 postremo
562 3644 648 3697 etiarn
675 3645 774 3697 morbo
799 3646 975 3699 conflictatus
1004 3655 1054 3699 est.
1099 3645 1170 3698 Plut.
1196 3645 1280 3696 Dem.
1303 3643 1339 3707 46

189 3710 373 3780 Ἐπισιτισμοῦ
395 3714 423 3765 δὲ
445 3715 484 3766 καὶ
502 3719 638 3782 προνομῶν
659 3715 805 3785 εἰργόμενος
826 3714 953 3786 ι’)πορεῖτο.
990 3715 1041 3780 ἅμα
1063 3714 1091 3767 δὲ
1112 3716 1214 3783 μᾶλλον
1233 3716 1246 3765 ὁ
1265 3715 1341 3781 λιμὸς

191 3782 310 3836 ε’πέτεινε.
336 3796 369 3849 47
383 3782 464 3838 Tritos
482 3783 509 3836 δὲ
529 3786 569 3837 καὶ
588 3787 667 3838 νόσου
685 3789 721 3856 τῷ
739 3789 807 3857 λιμῷ
826 3785 1055 3854 συνεπιτιθεμένης,
1074 3787 1163 3852 ὥσπερ
1181 3783 1277 3845 εἴωθεν,
1296 3784 1339 3838 ε’πί

191 3854 305 3919 βρώσεις
331 3853 468 3922 ἀναγκαίας
494 3855 663 3924 τρεπομένων,
687 3856 747 3910 τοὺς
773 3857 868 3911 πάντας
896 3858 941 3910 οὐκ
969 3858 1115 3911 ελασσόνας
1141 3855 1340 3924 ὀκτακισχιλίων

191 3922 332 3984 ἀποβαλὼν
350 3924 441 3992 ἀνῆγεν
458 3923 542 3978 ὀπίσω
561 3926 619 3980 τοὺς
639 3925 755 3981 λοιπούς.
802 3930 870 3980 Mox
896 3927 1018 3981 adeunte
1041 3927 1134 3981 hieme
1156 3937 1270 3981 coactus
1296 3936 1339 3979 est

193 3994 342 4047 Seleucum
372 4012 471 4062 rogare
501 4006 531 4049 ut
561 3997 713 4051 exercitum
744 4015 826 4051 suurn
856 4008 1025 4053 sustentaret
1057 4016 1129 4051 neue
1162 4015 1193 4051 se
1225 3998 1339 4066 inopem

192 4064 355 4134 nudumque
373 4065 500 4118 hostibus
520 4066 672 4121 obiectaret
695 4068 738 4136 (47
758 4067 817 4133 fin.)
856 4072 929 4122 Tum
952 4069 1051 4121 morbo
1072 4086 1122 4137 per
1141 4069 1167 4120 xl
1190 4068 1250 4122 dies
1273 4085 1340 4121 con·

192 4135 281 4188 fectus
308 4136 352 4202 (48
375 4135 441 4202 fin),
464 4136 500 4189 ad
518 4137 647 4190 ultimum
669 4155 767 4192 carens
790 4140 876 4192 etiam
891 4140 979 4193 ‘unius
1002 4138 1056 4192 diei
1077 4138 1197 4206 cibariis,
1221 4140 1339 4192 Seleuco

193 4222 224 4258 se
249 4205 373 4273 tradidit,
398 4216 548 4275 postquam
573 4208 759 4262 uoluntariam
784 4219 904 4262 mortem
929 4211 1030 4263 frustra
1055 4218 1184 4277 expertus
1210 4218 1252 4263 est
1272 4206 1336 4275 (49).

195 4277 258 4328 Hos
279 4275 416 4329 Demetrii
442 4293 532 4344 casuS,
554 4277 654 4345 dignos
679 4296 747 4332 sane
773 4280 819 4349 qui
845 4280 958 4348 tragicis
981 4279 1105 4332 Menelai
1127 4279 1231 4331 Bacchi
1253 4278 1338 4331 Oedi-

193 4345 276 4414 podis
300 4348 469 4415 περιπετείαις
493 4359 722 4417 compararentur
748 4349 830 4418 (Plut.
856 4352 937 4403 Dern
959 4362 1002 4417 45,
1022 4350 1067 4416 46)
1095 4349 1228 4402 Ouidium
1254 4348 1338 4400 credo

194 4416 234 4469 ita
259 4416 421 4470 adhibuisse
443 4427 472 4471 ut
496 4419 673 4472 Demetrium
696 4420 771 4473 fame
796 4437 829 4472 ac
853 4420 956 4487 frigore
980 4420 1097 4488 periisse
1123 4420 1259 4487 fingeret:
1285 4417 1337 4470 etsi

194 4504 293 4540 reuera
317 4487 405 4541 tribus
427 4486 508 4542 annis
534 4489 694 4558 superuixit,
715 4500 742 4544 et
768 4490 796 4542 in
823 4490 903 4557 Syria
929 4492 1106 4544 Chersoneso
1129 4489 1256 4557 captiuus
1281 4487 1339 4540 otio
