3038 5010
209 388 260 448 lxii
638 387 965 450 PROLEGOMENA.

213 555 245 602 ut
267 561 321 601 nec
345 541 515 602 Callimachi
539 560 627 619 quem
653 543 723 602 alias
748 561 809 602 non
832 560 896 602 raro
920 543 1078 618 usurpauit,
1102 559 1157 601 nec
1181 541 1363 601 Cleombroti

214 626 370 700 uestigium
388 625 563 697 seruauerit;
584 624 658 684 falsa
676 625 777 683 omnia
794 643 886 700 eaque
906 624 1056 700 perinepta
1074 623 1111 682 de
1126 623 1277 683 Alcibiade
1292 641 1364 682 con-

214 707 335 764 finxerit.
382 704 494 765 Rursus
515 705 733 764 considerentur
754 706 864 765 scholia
886 719 945 780 475
965 705 1002 764 de
1021 704 1050 763 T
1052 705 1221 776 elchinibus,
1244 707 1299 779 561
1326 706 1364 764 de

215 787 333 846 Haemo
349 797 378 846 et
392 787 550 864 Rhodope.
593 785 666 846 Esto
681 797 713 846 ut
727 804 796 846 uera
810 788 841 844 in
855 786 899 845 his
914 804 975 845 non
989 787 1026 845 sit
1040 786 1194 862 explicatio
1209 804 1360 859 uersuum;

212 887 299 926 uerae
314 879 413 928 tamen
426 868 570 939 historiae,
586 886 681 944 neque
695 886 747 927 eae
762 868 904 944 uulgares‚
920 877 952 926 ut
966 885 983 926 a
997 868 1078 927 bono
1092 867 1173 926 fonte
1187 867 1362 928 deriuandae

212 949 326 1009 luerint.
368 950 455 1008 Certe
483 949 630 1008 Leuconis
657 960 686 1009 et
715 950 855 1027 Spartaci,
883 966 985 1025 regum
1013 949 1108 1020 Ponti,
1136 949 1258 1008 nomina
1285 967 1361 1026 quae

213 1031 386 1091 scholiastae
400 1030 509 1089 habent
524 1031 561 1088 ad
577 1048 636 1106 310
650 1048 720 1090 uera
734 1049 771 1090 ex
786 1049 858 1090 uero
875 1030 964 1100 fonte,
979 1030 1040 1089 siue
1054 1029 1188 1089 Diodoro
1207 1030 1268 1089 siue
1287 1031 1360 1090 alius

213 1112 278 1188 quis
293 1112 353 1183 fuit,
368 1112 585 1188 profluxerunt:
608 1130 787 1189 quamquam
804 1112 905 1171 dubito
925 1129 995 1169 num
1016 1111 1053 1170 ad
1067 1110 1122 1170 hos
1141 1111 1261 1171 historia
1274 1113 1360 1188 perti-

213 1203 288 1252 neat.
311 1193 357 1250 Ex
368 1193 502 1252 Diodoro
517 1212 552 1252 ea
566 1203 682 1270 sumpta
695 1203 727 1253 ut
741 1192 851 1264 credas,
863 1202 960 1270 potest
973 1193 1101 1268 adlegari
1110 1191 1200 1252 schol.
1214 1208 1272 1267 505
1282 1193 1360 1270 quod

215 1293 283 1332 curn
297 1275 327 1332 in
339 1275 487 1350 Saluagnii
499 1276 600 1334 codice
612 1275 654 1334 sic
669 1275 807 1351 scriptum
819 1275 854 1333 sit
864 1273 903 1332 ln
913 1274 1115 1350 Andragathriz
1128 1276 1237 1351 regione
1246 1281 1361 1335 mator

213 1361 289 1415 κ.τ.λ.
304 1367 381 1415 recte
396 1356 546 1415 Ehualdus
565 1356 704 1415 intellexit
724 1373 762 1415 ex
782 1355 906 1415 Diodori
926 1355 1023 1415 uerbis
1037 1356 1072 1415 iv.
1090 1374 1125 1413 22
1141 1359 1248 1430 κυνηγὸν
1262 1359 1289 1412 ἐν
1306 1361 1360 1415 τοῖς

211 1441 276 1493 κατὰ
289 1440 336 1509 τὴν
349 1438 427 1512 θήραν
443 1437 654 1512 ἀνδραγαθήμασι
668 1439 873 1509 διωνομασμένον
885 1445 1022 1513 pendere,
1037 1440 1089 1496 sed
1108 1445 1183 1495 male
1200 1437 1358 1497 intellectis.

211 1517 323 1578 Verum
339 1519 486 1594 Saluagnii
509 1518 626 1579 codices
649 1519 735 1578 ualde
757 1537 861 1578 uereor
883 1537 920 1577 ne
945 1517 1051 1578 saeculi
1079 1537 1117 1576 xv
1140 1518 1264 1578 luerint:
1297 1519 1359 1578 eius

211 1612 288 1659 certe
303 1619 378 1660 saec.
394 1600 487 1660 codex
503 1610 547 1659 est
561 1599 720 1659 Vaticanus
735 1601 765 1658 in
780 1617 840 1676 quo
855 1599 933 1658 idem
946 1618 1057 1659 nomen
1071 1599 1178 1672 inueni,
1193 1609 1225 1659 ut
1239 1609 1358 1660 testatus

210 1700 276 1740 sum
292 1681 330 1740 ad
343 1682 400 1741 loc.
417 1681 476 1753 Qui
496 1682 591 1741 codex
606 1699 665 1758 quo
680 1682 794 1757 plenius
808 1681 906 1740 locum
920 1680 1044 1740 Diodori
1058 1681 1165 1753 citauit,
1180 1680 1237 1740 hoc
1252 1682 1357 1742 certius

210 1763 372 1822 doctrinam
387 1765 460 1840 sapit
475 1764 653 1822 renascentis
668 1762 818 1832 Graeciae,
833 1762 900 1820 dico
915 1762 1042 1821 eruditos
1057 1780 1133 1822 saec.
1149 1781 1196 1821 xv.

251 1843 340 1904 Hanc
354 1845 503 1904 uetustatis
518 1845 698 1920 opinionem,
710 1862 747 1902 ex
761 1844 848 1903 rebus
862 1843 988 1915 ductam,
1004 1844 1091 1903 etiam
1105 1843 1160 1903 alia
1174 1843 1356 1902 confirmant.

208 1924 297 1984 Velut
319 1927 349 1984 in
371 1925 396 1985 C
418 1935 446 1984 et
467 1925 553 1983 Bern.
576 1924 655 2002 quod
680 1925 785 2001 legitur
806 1923 961 2000 Spartaeon
983 1944 1051 1999 310,
1072 1925 1133 1984 edos
1153 1923 1276 2004 (Aeolus)
1299 1928 1357 2000 388

210 2006 293 2082 quod
306 2008 336 2064 in
348 2007 382 2075 C,
391 2009 495 2064 ancz'lla
508 2007 641 2082 sz‘que'elem
656 2007 740 2065 lateri
754 2008 906 2065 uocabatur
917 2020 974 2082 352
988 2007 1068 2083 quod
1082 2006 1151 2066 latet
1161 2007 1191 2066 in
1202 2006 1234 2079 P,
1247 2006 1359 2065 Tauros

211 2092 269 2163 384
292 2089 322 2146 in
337 2087 362 2147 C
382 2099 411 2147 et
428 2087 501 2159 Aslr,
516 2089 589 2146 Aten
604 2085 711 2167 (Attea)
728 2103 785 2163 507
801 2089 832 2146 in
849 2087 921 2160 Ask,
936 2106 973 2146 ex
994 2105 1030 2146 eo
1052 2098 1183 2163 ternpore
1205 2097 1358 2164 supersunt

209 2189 270 2247 quo
296 2169 410 2229 Graeca
434 2170 554 2227 nomina
578 2168 693 2228 Graeco
722 2187 804 2228 more
832 2170 1037 2229 scribebantur.
1085 2168 1196 2229 Contra
1224 2169 1305 2247 quod
1329 2167 1358 2228 G

209 2251 297 2309 habet
311 2251 341 2309 in
358 2266 413 2325 547
430 2249 620 2308 Mammertus
633 2250 679 2307 uel
690 2259 719 2310 ta
733 2251 911 2328 diligentiam
926 2251 1105 2310 demonstrat
1123 2252 1234 2310 scribae
1251 2251 1301 2327 qui
1320 2250 1358 2310 de

208 2351 277 2391 uera
291 2332 447 2391 inflexione
461 2331 596 2391 uocabuli
610 2332 778 2393 haesitabat.

251 2413 388 2472 Notiores
409 2412 522 2472 fabulas
537 2413 715 2472 Scholiastae
734 2414 773 2472 ita
794 2422 912 2472 narrant
932 2421 964 2473 ut
984 2413 1035 2472 ubi
1055 2414 1134 2491 apud
1149 2412 1289 2474 Ouidium
1309 2413 1357 2472 uel

211 2494 335 2554 Statium
352 2504 451 2555 extant
465 2513 502 2553 ex
515 2494 560 2553 his
574 2495 645 2571 ipsis
660 2495 776 2554 duxisse
791 2495 952 2554 uideantur.
994 2494 1099 2554 Rarius
1115 2495 1206 2554 Seruii
1220 2497 1267 2555 uel
1282 2494 1357 2555 Lac·

209 2577 290 2635 tantii
305 2576 540 2648 commentarios,
555 2594 650 2653 neque
669 2594 809 2652 umquam
830 2576 900 2652 ipsis
920 2577 1024 2649 uerbis,
1040 2578 1130 2637 secuti
1152 2587 1227 2636 sunt.
1268 2575 1357 2636 Velut

211 2676 270 2732 339
293 2657 330 2717 de
351 2657 507 2716 Palamede
528 2676 604 2734 quae
625 2657 733 2716 habent
749 2656 803 2717 GC
813 2657 877 2716 Aslr
897 2668 998 2717 extant
1017 2676 1053 2717 ea
1074 2658 1192 2735 quidem
1213 2676 1260 2735 ap.
1275 2657 1355 2717 Seru.

211 2740 285 2797 Aen.
298 2739 325 2797 ii.
338 2742 375 2797 82
388 2748 416 2798 et
427 2737 662 2816 Mythographos
672 2737 832 2799 Vaticanos
843 2739 861 2797 i.
874 2754 922 2814 35,
934 2739 961 2798 ii.
976 2757 1042 2810 200,
1052 2739 1105 2798 sed
1115 2740 1156 2798 eis
1166 2741 1271 2811 uerbis,
1281 2757 1357 2816 quae

210 2820 299 2879 latine
328 2820 468 2880 scientem
496 2820 644 2897 prodant3
680 2819 770 2880 Ibidis
798 2820 972 2880 scholiastae
1003 2838 1139 2880 sermone
1166 2831 1285 2880 utuntur
1312 2822 1356 2879 in·

211 2911 331 2978 compto
347 2902 527 2979 plerumque,
541 2920 764 2978 nonnumquam
781 2902 904 2960 barbaro
919 2901 966 2962 uel
979 2902 1009 2961 in
1028 2902 1190 2961 barbariem
1208 2912 1355 2978 uergente.

210 2982 307 3041 Etiam
330 2982 414 3042 Mure
435 2984 485 3059 qui
506 2982 649 3042 Lactantii
669 2984 760 3043 uerba
780 2983 818 3042 ad
840 2982 910 3042 Stat.
925 2983 1018 3044 Achil.
1033 2984 1051 3042 i.
1067 3003 1104 3059 93
1120 3002 1220 3061 presse
1241 2994 1356 3043 secutus

211 3073 264 3137 est,
285 3066 376 3124 multa
397 3075 495 3123 tamen
516 3065 676 3123 inmutauit.
719 3064 783 3124 Iam
801 3066 870 3138 366,
889 3078 957 3140 473,
972 3079 1030 3139 555
1052 3065 1189 3124 historiae
1210 3064 1356 3126 Oenomai

213 3145 369 3217 Salmonei,
381 3145 485 3205 Glauci
499 3164 649 3222 equarum,
661 3145 753 3204 Ibidis
767 3146 884 3206 scholiis
896 3164 962 3204 cum
979 3146 1079 3206 Seruio
1094 3155 1123 3204 et
1134 3145 1357 3224 Mythographis

211 3225 361 3287 Vaticanis
380 3245 553 3288 communes
573 3237 647 3287 sunt.
690 3226 749 3286 Sed
765 3228 896 3287 Seruium
910 3226 1117 3304 Mythographi
1136 3229 1357 3304 exscripserunt,

211 3308 302 3369 Ibidis
317 3309 489 3369 scholiastae
502 3311 547 3368 bis
561 3309 688 3368 semelue
702 3307 837 3381 referunt,
854 3311 912 3383 366
924 3310 1009 3368 ceree's
1018 3310 1133 3380 axe'bur,
1150 3323 1208 3382 555
1223 3311 1357 3368 dilacera·

212 3397 319 3450 uerunt.
361 3390 474 3462 Quam
493 3409 523 3449 re
543 3391 647 3449 errauit
660 3389 810 3448 Ehualdus
825 3390 895 3449 dum
909 3391 1065 3450 uerborum
1080 3390 1271 3465 deprehendit
1279 3408 1357 3450 con·

211 3484 329 3530 centum
350 3473 400 3548 qui
421 3481 471 3530 aut
487 3472 582 3531 nullus
600 3482 650 3530 aut
664 3471 850 3530 tenuissimus
868 3482 920 3541 est,
934 3471 1184 3548 quemadmodum
1205 3489 1357 3548 perperam

210 3553 248 3612 ad
267 3553 416 3611 Valerium
437 3553 584 3611 reuocauit
605 3552 715 3612 scholia
735 3552 773 3612 de
793 3552 931 3629 Euripide
953 3564 982 3611 et
1002 3551 1115 3611 Milone
1137 3567 1205 3626 595,
1229 3556 1296 3629 609,
1319 3552 1357 3612 ad

212 3634 366 3710 Hyginum
387 3634 424 3692 de
441 3633 561 3710 Pelopia
582 3645 611 3693 et
630 3633 803 3709 Nyctimene
820 3653 888 3710 359,
903 3634 940 3692 de
959 3633 1085 3692 Idmone
1107 3644 1135 3693 et
1149 3635 1271 3694 Ancaeo
1287 3649 1356 3709 503,

210 3715 248 3774 de
264 3714 426 3792 Hippolyto
441 3724 549 3791 nepote
563 3714 687 3774 Aethrae
703 3727 772 3791 577.

252 3796 336 3855 Idem
350 3796 499 3855 Ehualdus
513 3815 550 3855 ex
565 3796 705 3873 loquendi
719 3814 826 3872 genere
840 3796 949 3873 colligit
965 3796 1076 3856 scholia
1094 3796 1167 3856 haec
1185 3797 1216 3855 in
1231 3795 1325 3856 Gallia
1339 3815 1357 3856 a
1387 3846 1391 3853 .

212 3876 317 3937 clerico
345 3879 510 3954 conscripta
537 3877 625 3937 fuisse
653 3879 778 3953 septimo
806 3877 854 3936 uel
881 3889 986 3938 octavo
1014 3878 1147 3950 saeculo;
1181 3878 1249 3937 dein
1273 3878 1358 3938 huius

211 3960 417 4018 adnotationes
440 3960 486 4019 bis
506 3968 606 4018 auctas
627 3969 655 4019 et
676 3960 832 4018 inmutatas
853 3977 926 4032 esse,
946 3960 1072 4036 primum
1095 3959 1209 4018 decimo
1234 3959 1281 4018 uel
1303 3978 1358 4019 un-

210 4041 326 4115 decimo
351 4041 478 4112 saeculo,
500 4042 603 4100 iterum
624 4051 728 4117 postea
752 4042 789 4099 ab
814 4040 855 4100 eis
877 4040 915 4099 ad
937 4059 1012 4117 quos
1033 4040 1149 4100 codices
1172 4040 1358 4118 Saluagmani

212 4132 280 4180 sunt
296 4121 446 4181 referendi.
488 4122 563 4198 Eg0‚
579 4123 628 4200 qui
649 4132 762 4198 praeter
777 4121 801 4180 C
816 4121 880 4181 Ask
900 4131 929 4181 et
951 4122 1145 4198 Saluagniana
1166 4140 1261 4182 nouos
1283 4124 1357 4182 duos

212 4201 267 4262 PG
280 4203 403 4275 excussi,
418 4203 547 4280 intelligo
561 4214 675 4281 praeter
688 4221 787 4262 uersus
806 4203 928 4263 ficticios
946 4222 981 4263 ac
1002 4204 1123 4262 nomina
1137 4221 1212 4279 quae
1232 4204 1274 4262 eis
1288 4205 1357 4265 sub-

211 4296 366 4344 nectuntur
380 4302 526 4361 perpauca
540 4285 576 4343 ad
591 4303 647 4343 nos
661 4286 701 4343 ita
714 4284 900 4344 descendisse
914 4295 945 4344 ut
959 4303 1116 4344 commune
1130 4285 1248 4361 aliquod
1262 4303 1357 4362 genus

211 4366 328 4425 dicendi
348 4365 379 4424 in
400 4366 434 4424 iis
455 4366 712 4443 inuestigaremus:
735 4384 831 4442 neque
849 4384 886 4425 ex
904 4365 1100 4425 locutionibus
1114 4384 1187 4442 quas
1205 4364 1356 4425 Ehualdus

210 4448 360 4524 congessit
380 4457 504 4507 aetatem
524 4448 726 4507 unlucrsorum
747 4447 862 4524 colligo.
904 4446 1025 4507 Habent
1042 4465 1113 4507 sane
1127 4447 1152 4506 C
1167 4456 1195 4506 et
1209 4447 1272 4506 Ask
1287 4466 1354 4508 cum
