3038 5010
202 418 261 457 xxx
479 426 483 433 ·
610 393 939 455 PROLEGOMENA.

203 551 314 632 (Isidis)
328 555 458 611 mai'estas
479 553 637 610 uindi'cauit
655 568 723 610 non
743 550 844 611 habet
864 551 977 610 locum
998 571 1079 609 caius
1096 554 1220 630 infestus.
1265 550 1352 624 Quae

202 637 302 696 ornnia
315 634 352 694 ad
363 634 447 694 Isidis
458 633 649 693 caerimonias
663 633 815 709 pertinere,
826 651 901 708 quae
915 633 1092 709 discerptum
1106 650 1213 708 corpus
1229 631 1352 693 Osiridis

202 716 354 776 inueniens
368 734 403 774 ac
422 714 565 791 sepeliens
584 714 741 790 quotannis
759 713 878 772 inducta
896 713 941 784 sit,
956 731 1016 772 non
1039 723 1081 773 est
1103 715 1183 790 quod
1203 732 1351 774 moneam.

204 798 322 874 Optime
350 796 388 854 ad
414 813 475 854 rem
504 795 571 854 facit
595 795 735 854 Firmicus
760 793 910 853 Maternus
938 815 952 852 a
979 796 1043 854 Hoc
1066 793 1181 872 (idolum
1213 793 1351 874 Osiridis)

203 881 306 938 annuis
319 878 436 936 luctibus
447 877 591 952 plangunt,
605 878 713 933 radunt
726 877 825 950 capita,
840 883 872 933 ut
891 878 1077 935 miserandum
1098 895 1192 934 casum
1213 879 1289 953 regis
1306 879 1356 934 sui

203 960 373 1035 turpitudine
392 960 559 1016 dehonestati
574 958 689 1030 &fleant
706 959 813 1032 capitii,
832 958 953 1015 tundunt
965 965 1068 1034 pectus,
1086 958 1213 1016 lacerant
1229 959 1352 1029 lacertos,

203 1049 356 1100 ueterum
385 1040 562 1098 uulnerum
590 1048 748 1097 resecant
776 1038 961 1108 cicatrices,
988 1047 1020 1097 ut
1045 1041 1148 1098 annui's
1175 1039 1294 1098 luctibus
1321 1042 1353 1097 i'ii

203 1124 307 1180 oni'mi'r
319 1141 411 1179 eorum
414 1123 549 1199 funestae
562 1139 596 1178 ac
609 1120 780 1177 miserandae
793 1122 866 1177 neci's
878 1123 998 1178 exitium
1014 1118 1205 1179 renouatum*

246 1203 358 1261 Rursus
379 1202 449 1261 nihil
469 1202 499 1258 in
520 1200 566 1260 his
587 1201 700 1276 scriptis
721 1200 836 1276 saepius
856 1202 983 1277 reperias
1004 1220 1093 1278 quam
1114 1212 1145 1259 ut
1164 1201 1306 1277 naufrago
1320 1220 1352 1262 se

203 1294 290 1362 poeta
309 1283 458 1343 adsimilet.
500 1282 588 1340 Trist.
603 1283 621 1341 i.
638 1284 665 1340 6.
682 1296 697 1357 7
718 1280 749 1339 T
744 1302 762 1340 u
771 1283 856 1359 facis
876 1289 909 1339 ut
926 1284 1043 1358 spolium
1062 1302 1116 1340 non
1128 1285 1191 1352 sim,
1206 1303 1252 1341 nec
1265 1284 1354 1342 nuder

203 1366 239 1424 ab
260 1367 319 1423 i'lli's
339 1364 510 1444 Naufragii
524 1363 633 1422 tabulas
651 1364 704 1438 qui
718 1366 817 1439 petiere
835 1365 895 1421 mei.
916 1364 951 1422 iv.
967 1378 994 1437 5.
1014 1367 1031 1421 6
1050 1362 1109 1434 Qui
1126 1367 1232 1422 ueritus
1251 1383 1306 1422 non
1326 1383 1354 1422 cs

197 1454 300 1523 portus
323 1449 432 1521 aperire
448 1446 546 1522 fideles
566 1443 699 1503 Fulmi'nc
714 1455 862 1520 percussae
886 1447 1097 1523 confugiumque
1118 1448 1185 1504 rati.
1206 1463 1351 1521 x.11.13

208 1527 317 1599 Quassa
331 1535 419 1585 tamen
434 1533 586 1597 nostramet,
601 1545 655 1583 non
668 1546 758 1584 mersa
773 1545 820 1583 nec
832 1526 930 1584 obruta
939 1529 1049 1602 puppis,
1071 1528 1154 1601 thue
1171 1534 1247 1584 caret
1258 1533 1352 1602 portu,

204 1613 245 1667 sic
265 1616 355 1667 tanien
375 1616 470 1668 exstat
488 1610 578 1683 aquis.
593 1627 618 1666 v.
635 1626 662 1681 9.
681 1621 715 1682 17
731 1606 984 1686 Naufragi'umque
1002 1627 1089 1666 meum
1109 1609 1212 1666 tumulo
1225 1609 1356 1682 spectarit

205 1692 240 1748 ab
254 1692 318 1761 alto,
333 1688 394 1748 Nec
413 1691 517 1747 dederit
535 1691 619 1747 nanti
629 1699 685 1764 per
694 1690 780 1768 freta
800 1707 884 1746 saeua
903 1708 1024 1747 manum.
1047 1690 1131 1748 Pont.
1146 1690 1164 1748 i.
1182 1709 1207 1748 2.
1223 1692 1258 1746 61
1275 1689 1354 1747 creda

205 1771 313 1830 Mollia
336 1774 504 1850 naufragiis
527 1773 611 1829 litora
629 1780 707 1844 posse
731 1771 805 1828 dari.
828 1772 855 1827 6.
872 1789 919 1844 33,
941 1770 966 1828 ii.
985 1790 1010 1845 3.
1029 1773 1065 1828 28
1083 1770 1123 1828 In
1143 1772 1239 1828 medi‘iLi
1259 1772 1353 1829 lacera

205 1872 276 1911 naue
288 1852 430 1927 relinquor
439 1855 528 1927 aquis.
542 1852 578 1910 iv.
594 1869 638 1923 14.
653 1870 687 1908 21
701 1851 753 1909 Ad
759 1858 859 1909 ueteres
871 1852 992 1927 scopulos
1006 1855 1104 1910 ilerum
1118 1853 1241 1910 diuertor
1253 1859 1279 1909 et
1288 1853 1324 1910 ill

205 1934 244 1992 In
264 1934 363 2008 quibus
383 1933 495 2009 offendit
513 1934 658 2010 naufraga
673 1935 778 2008 puppis
798 1937 911 2006 aquas?
951 1931 990 1991 Et
1004 1933 1061 1992 hoc
1081 1933 1110 1991 in
1125 1933 1204 1992 Iside
1218 1932 1353 2009 frequens

206 2024 258 2087 est,
274 2015 355 2073 cuius
369 2015 399 2071 in
413 2015 501 2072 tutela
515 2031 606 2072 naues
626 2024 725 2085 erant3
747 2013 826 2071 unde
846 2013 877 2071 in
897 2031 1009 2090 pompa
1028 2015 1089 2073 eius
1110 2014 1260 2090 nauigium
1281 2014 1354 2072 lere·

206 2097 298 2165 batur,
310 2105 338 2154 et
352 2093 559 2171 naufragorum
574 2095 690 2152 uotiuae
705 2094 818 2152 tabulae
833 2094 863 2151 in
878 2094 950 2153 aede
965 2096 1224 2172 suspendebantur.
1251 2095 1353 2154 quen.

206 2177 254 2234 xii.
272 2179 308 2233 28
326 2177 444 2251 pictores
457 2178 520 2250 qui'r
538 2177 623 2233 nesci't
637 2176 672 2233 ab
686 2174 763 2233 Iside
778 2178 882 2250 pasci?
917 2175 976 2236 Sed
990 2187 1019 2235 et
1032 2177 1062 2235 in
1076 2176 1187 2252 hymno
1202 2176 1287 2236 Isidis
1307 2195 1352 2252 ap.

207 2257 373 2316 Kaibelium
394 2260 470 2314 1028
489 2259 579 2314 πλωτὰ
593 2258 620 2312 δὲ
634 2257 769 2337 φιλςῦδιος
782 2257 937 2331 Ἀμφιτρίτα
950 2260 1036 2328 Νηυσὶ
1053 2262 1280 2332 μελαμπρώροισιν
1293 2260 1354 2315 ὑπαὶ

205 2341 353 2412 παχνώδεος
369 2341 467 2412 αὐχμῶ,
480 2339 566 2393 ‘Arina
582 2340 717 2409 μειδάμων,
732 2340 822 2411 ἱλαρὰν
840 2339 962 2410 ἔρύθοισα
978 2342 1091 2412 παρειάν,
1105 2339 1259 2410 Ἀμπετάσω
1272 2341 1355 2408 Τηθὺν

206 2424 392 2496 γλαυκῲλενον.
426 2418 505 2477 Nam
520 2436 652 2477 serenare
667 2437 704 2477 ex
717 2419 851 2495 procellis
865 2418 978 2478 caelum
992 2438 1027 2478 ac
1041 2438 1121 2478 mare
1135 2419 1265 2480 eiusdem
1279 2419 1351 2479 deae

206 2511 276 2561 erat.
318 2499 459 2577 Apuleius
480 2499 522 2559 M.
539 2500 576 2558 xi.
596 2512 612 2573 7
633 2500 670 2559 de
691 2499 764 2558 sesto
787 2500 832 2558 die
854 2500 939 2559 Isidis
961 2500 1086 2577 loquens
1106 2499 1169 2560 Nec
1190 2520 1268 2559 mora
1291 2521 1351 2559 cum

206 2585 291 2641 noctis
309 2589 389 2640 atrae
397 2583 505 2659 fugato
523 2582 616 2639 nubilo
629 2579 683 2639 Sol
698 2584 817 2658 exurgit
831 2601 932 2639 aureus
949 2625 955 2639 .
969 2625 976 2640 .
988 2627 994 2640 .
1008 2590 1041 2640 ut
1050 2593 1152 2658 pecora
1165 2585 1246 2640 etiiim
1260 2585 1352 2640 cuius·

206 2663 332 2740 quemodi'
341 2670 367 2720 et
378 2670 448 2721 totas
466 2663 560 2720 domus
573 2670 599 2720 et
611 2665 700 2737 ipsum
714 2664 782 2720 diem
796 2665 977 2741 serenafaci'e
988 2665 1113 2740 gaudere
1125 2666 1252 2721 sentirem
1268 2707 1353 2724 .....

207 2744 369 2820 Magnoque
385 2744 571 2818 procellarum
585 2745 674 2801 sedato
681 2746 809 2822 fragore
821 2763 855 2801 ac
873 2744 982 2802 turbido
992 2745 1132 2820 fluctuum
1146 2752 1251 2804 tumore
1266 2748 1354 2820 posito

207 2845 284 2885 marc
298 2828 402 2901 qui'etas
420 2826 540 2883 alluuier
553 2826 725 2900 temperabat,
739 2825 842 2883 caelum
858 2832 946 2883 autem
961 2826 1086 2884 nubilosa
1099 2827 1218 2903 caligine
1231 2827 1353 2898 disiecta,

208 2908 280 2966 nudo
296 2908 413 2981 sudoque
430 2908 547 2965 luminis
563 2908 680 2981 proprii
694 2907 833 2982 splendore
849 2906 987 2965 candebat.
1030 2907 1121 2979 Quod
1135 2917 1164 2966 et
1178 2908 1273 2985 ipsum
1287 2908 1353 2983 plus

208 2988 298 3048 semel
313 2989 343 3046 in
358 2987 501 3046 Tristibus
516 2998 545 3046 et
558 2986 697 3063 Epistulis
712 2987 840 3048 Ponticis
855 2989 985 3047 occurrit.
1016 2987 1104 3048 Trist.
1114 2989 1131 3046 i.
1146 2988 1354 3063 2.107Fallor

142 3083 149 3098 ¹
207 3090 247 3128 an
266 3071 404 3144 incipiunt
416 3064 555 3147 grauidae
570 3088 726 3127 euanescere
743 3070 849 3127 nubes?
877 3070 1004 3144 Victaque
1021 3072 1124 3128 mutati
1129 3072 1290 3149 frangitur
1307 3073 1353 3129 ira

208 3154 322 3210 marii?
339 3151 427 3215 ,Pont
442 3151 470 3209 ii.
486 3170 510 3210 r.
524 3171 539 3210 2
544 3154 631 3225 5-28.
661 3150 777 3211 Eodem
790 3150 897 3209 referas
910 3170 979 3209 arae
992 3161 1020 3209 et
1028 3158 1131 3226 portus
1144 3151 1352 3228 metaphoram,

208 3252 266 3311 qua
287 3233 402 3309 saepius
422 3251 493 3292 usus
513 3243 564 3292 est.
606 3232 733 3291 Pontii.
750 3235 777 3291 8.
793 3235 831 3290 68
854 3231 905 3290 Vos
918 3234 997 3289 eritis
1015 3239 1126 3290 nostrae
1139 3240 1242 3308 portus
1259 3240 1286 3290 et
1299 3251 1354 3291 ara

196 3317 300 3395 fugae.
332 3314 420 3373 Trist.
435 3315 470 3372 iv.
482 3328 508 3386 5.
522 3334 547 3385 1,
564 3335 579 3372 a
600 3314 686 3372 Vnica
688 3316 823 3392 fiirtienis
837 3332 891 3372 ara
905 3320 1013 3388 reperta
1028 3316 1102 3372 mei's.
1145 3313 1231 3372 Trist.
1241 3332 1267 3372 v,
1279 3317 1304 3372 6.
1319 3333 1354 3384 14

212 3395 288 3467 Quae
297 3399 392 3470 patuit
404 3396 521 3453 dextrae
526 3396 618 3471 firma
627 3397 667 3452 si't
678 3414 732 3453 ara
745 3414 824 3452 meae.
850 3413 875 3452 V.
890 3415 915 3452 a.
928 3413 966 3468 43
981 3414 1093 3452 sacram
1104 3397 1234 3471 quamuis
1248 3396 1356 3453 inuiius

208 3480 250 3535 ad
259 3495 342 3534 aram
359 3476 539 3553 Coiffugiam,
554 3477 648 3533 nullas
660 3475 798 3533 submonet
814 3494 869 3534 ara
886 3494 994 3533 manus.
1008 3493 1034 3534 v.
1051 3477 1079 3534 6.
1095 3497 1110 3534 a
1129 3476 1190 3548 Qui
1205 3476 1279 3535 milii
1293 3494 1355 3534 con-

197 3559 328 3637 fugium,
343 3560 394 3631 qui
405 3558 479 3614 nii'lri'
488 3563 586 3632 portus
606 3574 677 3613 cras.
694 3557 729 3614 iv.
746 3575 772 3630 5.
790 3571 807 3628 5
825 3555 884 3627 Qui
895 3558 1001 3615 amitus
1018 3575 1072 3614 non
1093 3576 1120 3615 es
1134 3564 1234 3633 portus
1247 3560 1357 3633 aperire

202 3639 300 3715 fideles
319 3637 452 3696 Fulmina
470 3648 617 3712 percussae
638 3636 851 3714 ¹corffugiumque
874 3639 940 3696 rati.
983 3636 1060 3696 Cum
1085 3637 1130 3696 his
1151 3650 1356 3714 comparentur

211 3719 297 3794 Apul.
313 3717 354 3776 M.
370 3719 407 3776 xi.
423 3737 458 3776 10
469 3716 610 3777 Manibus
623 3718 754 3776 ambabus
764 3720 878 3796 gerebat
889 3719 1005 3790 altaria,
1021 3719 1108 3789 idest,
1118 3721 1244 3790 auxiliii,
1258 3720 1357 3795 quibus

209 3818 304 3875 nomen
318 3800 392 3857 dedit
397 3801 545 3875 proprium
560 3800 622 3857 deae
634 3802 779 3858 summatis
792 3802 953 3858 auxiliaris
963 3801 1147 3874 prouidentia.
1176 3820 1210 3859 12
1230 3800 1311 3872 Quod
1320 3806 1359 3858 tot

210 3900 243 3938 ac
256 3883 342 3938 tanti's
355 3881 509 3938 exantlatis
522 3880 672 3953 laboribus,
688 3889 728 3939 tot
743 3884 855 3940 cnunsis
870 3881 1004 3957 perieulis
1021 3882 1085 3939 deae
1097 3883 1241 3940 maximae
1254 3884 1356 3957 proui-

210 3963 302 4019 dentia
323 3963 502 4019 adluctantem
523 3962 597 4019 mihi
613 3965 771 4021 saeui'ssi'me
779 3965 934 4040 sbrtunam
947 3972 1114 4037 superarem.
1162 3978 1197 4036 15
1213 3962 1320 4020 Multis
1333 3968 1360 4019 et

210 4045 303 4099 uari'i's
316 4044 470 4101 exantlatis
488 4042 628 4102 laboribus
644 4047 805 4121 magnisque
813 4046 955 4124 fiirtunae
968 4043 1165 4118 tempestatibus
1178 4051 1204 4101 ct
1220 4046 1358 4103 maximis

210 4130 288 4180 actus
300 4125 432 4198 procellis
448 4124 490 4182 ad
499 4131 608 4199 portum
623 4128 721 4200 quietis
739 4133 765 4184 et
781 4145 863 4185 aram
878 4124 1095 4183 Misericordiae
1108 4127 1215 4197 uenisti,
1231 4143 1306 4201 quae
1321 4125 1357 4183 de

242 4272 257 4307 *
274 4272 311 4317 An
328 4269 424 4316 uiolatus
443 4268 484 4316 has
502 4270 629 4334 relligiones
646 4271 698 4317 loco
715 4272 777 4318 exilii
794 4273 911 4334 Augustus
928 4269 1069 4317 declarauit?
1102 4269 1164 4316 Nam
1184 4228 1251 4317 ιΤοηιί
1267 4279 1359 4330 propter

210 4336 321 4396 discerpta
336 4336 438 4384 membra
450 4335 543 4397 Absyrti
556 4335 639 4397 (Trist.
652 4336 682 4382 iii.
696 4336 723 4399 9)
735 4351 819 4383 nomen
834 4337 977 4384 habuerunt:
995 4346 1021 4383 ut
1033 4337 1082 4394 ipso
1097 4349 1126 4384 ex
1142 4336 1236 4384 nomine
1251 4335 1358 4396 discerpti

210 4402 306 4515 gliti?
323 4400 407 4459 fabula,
426 4409 495 4461 atque
512 4402 570 4449 adeo
587 4415 654 4448 suum
672 4401 759 4448 lacinus
777 4404 816 4462 qui
833 4400 890 4449 haec
906 4403 1019 4459 uiolasset,
1036 4400 1122 4448 Ouidio
1140 4409 1357 4462 repraesentaretur.

242 4503 248 4516 .
289 4478 363 4530 452.
