3038 5010
549 375 898 438 COMMENTARIVS.
1241 384 1296 440 151

146 534 306 606 Ἀρχίλοχον
325 533 484 604 βαρυλόγοις
508 533 615 604 ἔχθεσιν
636 535 812 602 Πιαινόμενον.
857 532 904 587 Ad
928 531 1041 588 exilium
1066 533 1113 588 uix
1136 533 1299 602 retulerim
1373 538 1375 543 ’

147 608 223 676 quod
240 604 411 660 librorumne
429 622 497 674 quos
515 606 729 658 Lacedaemonii
744 621 759 656 e
774 606 889 658 ciuz'tate
905 607 1053 675 expertam
1066 607 1216 674 iusserunt,
1230 608 1300 675 quia

145 677 259 731 domum
279 678 335 730 sibi
353 677 478 729 t'nuzsam
500 676 619 728 obscenis
639 676 794 728 maledicus
814 676 990 729 lacerouerat
1009 676 1081 744 (Val.
1102 678 1177 730 Max
1191 676 1226 730 vi.
1244 691 1296 743 3.1

147 746 232 815 Exn),
245 764 282 801 an
301 745 389 816 ipsius
403 745 564 799 Archilochi
578 744 659 799 fuerit
674 745 757 814 (Plut.
773 746 876 799 Lacon.
893 745 983 801 Instit.
997 744 1090 813 xxxiv)
1104 746 1133 799 in
1146 746 1233 800 dubio
1245 756 1296 800 est.

146 821 216 874 523.
233 834 347 882 parum
363 819 471 871 stabili
483 815 610 869 Alciatus
624 815 747 884 (Parerg.
764 816 817 869 lur.
832 835 856 870 v.
874 816 916 883 18)
934 816 1047 885 interpr.
1062 817 1098 870 de
1117 816 1298 886 Hipponacte

146 888 193 957 qui
205 892 314 958 parum
328 888 426 941 stabili
435 889 559 940 carmine
571 887 598 939 h.
609 903 634 939 e.
647 884 847 954 ischiorrogico
864 888 910 940 uel
927 897 1057 941 scazonte
1076 887 1157 942 laesit
1169 888 1307 941 Athenin

147 957 199 1027 (sic
217 958 293 1012 enim
311 957 379 1025 legit
395 957 468 1025 Alc.)
482 967 509 1010 et
529 956 670 1025 Bupalum
688 957 846 1024 statuarios,
860 956 926 1025 quia
944 957 1081 1026 imagines
1101 957 1160 1012 eius
1180 957 1208 1011 in
1227 957 1298 1011 ludi-

146 1028 237 1082 brium
245 1030 378 1095 fecerant,
387 1037 459 1082 teste
471 1027 549 1081 Suid.
560 1044 614 1081 s.u.
622 1024 764 1092 Ἰππῶναξε
777 1037 805 1080 et
815 1028 870 1080 hoc
879 1027 984 1096 placuit
993 1028 1126 1081 Turnebo
1136 1027 1170 1081 ix.
1182 1042 1197 1080 2
1201 1039 1225 1096 ς,
1235 1028 1298 1083 Ten

147 1098 235 1152 Brink
248 1099 276 1152 in
287 1098 423 1167 Philolog.
432 1096 467 1151 vi.
481 1115 509 1167 p.
519 1098 562 1165 68,
574 1096 696 1164 Bergkio
707 1098 784 1150 Poet.
798 1098 861 1165 Lyr.
874 1114 899 1167 p.
911 1110 926 1164 7
930 1110 943 1166 5
948 1110 969 1166 5.
998 1099 1072 1151 Sane
1083 1099 1118 1152 de
1131 1107 1298 1168 paupertate

146 1185 197 1223 sua
210 1168 322 1238 saepius
334 1178 451 1238 questus
463 1177 506 1222 est
520 1167 682 1236 Hipponax,
695 1176 725 1221 ut
737 1168 769 1220 fr.
784 1168 846 1234 17B
861 1170 911 1222 Δὸς
923 1170 1033 1238 χλαῖναν
1045 1166 1204 1230 Ἱππώνακτι,
1218 1169 1298 1239 κάρτα

144 1240 195 1308 γάρ
206 1237 270 1309 ριγῶ
283 1240 332 1292 Καὶ
343 1237 508 1307 βαμβακύζω,
520 1239 551 1291 fr.
566 1252 597 1306 19
608 1235 683 1304 Ἐμοὶ
695 1237 746 1307 γάρ
758 1238 804 1290 οὔκ
820 1237 916 1292 ἔδωκας
931 1241 988 1290 οὔτε
1003 1258 1038 1290 κω
1054 1240 1163 1308 χλαῖναν
1175 1242 1298 1301 Δασεῐαν,

145 1310 173 1362 ἐν
186 1314 292 1379 χειμῶνι
309 1310 446 1379 φάρμακον
458 1307 553 1378 ῥίγευς,
566 1305 624 1360 Οότ’
639 1305 764 1376 άσκέρησι
782 1307 843 1362 τοὺς
859 1308 940 1362 πόδας
959 1307 1094 1374 δοσείησιν
1105 1305 1252 1379 Ἐκρυψος,
1264 1310 1299 1363 ὣς

145 1377 542 1517 tinttltlhiltuh
562 1376 1297 1517 {eiiiiii'iiiiinihiieiiisesiinniiiiii

146 1519 219 1573 Mihi
244 1520 355 1574 uidetur
379 1519 530 1587 significari
552 1518 686 1572 Euboeus
709 1517 807 1571 Parius
832 1519 868 1572 de
891 1535 947 1588 quo
967 1520 1132 1574 Athenaeus
1152 1521 1204 1588 698
1225 1521 1297 1575 haec

145 1589 232 1644 habet
249 1591 352 1643 Πολλοί
369 1610 435 1644 τινες
452 1589 587 1660 παρωδιῶν
603 1589 705 1656 ποιηταὶ
742 1590 873 1657 εγόνασιν,
890 1588 1056 1657 ἐνδοξότατος
1074 1588 1096 1643 δ’
1111 1588 1141 1656 ἦν
1153 1592 1264 1653 Εὔβοιος
1281 1591 1296 1642 ά

145 1661 250 1729 Πάριος,
268 1662 405 1730 γενόμενος
422 1663 476 1714 τοῖς
494 1660 597 1729 χρόνοις
615 1659 678 1711 κατὰ
697 1610 835 1712 Φιλιππον.
869 1657 943 1715 οὗτός
965 1659 1036 1713 ἐστιν
1058 1662 1072 1712 ὁ
1093 1662 1135 1713 καὶ
1154 1658 1299 1727 Ἀθηναίοις

144 1730 373 1800 λοιδορησάμενος,
399 1732 439 1784 καὶ
463 1732 572 1795 σώζεται
595 1729 673 1782 αὐτοῦ
700 1733 751 1783 τῶν
775 1729 909 1798 παρωδιῶν
932 1730 1026 1793 βιβλία
1050 1729 1177 1799 τέσσαρα.
1225 1732 1297 1786 Cum

145 1801 264 1868 Boeoto,
273 1810 301 1855 et
314 1799 377 1870 ipso
389 1800 570 1870 parodiarum
580 1799 725 1868 scriptore,
735 1809 914 1868 comparatur
926 1800 962 1855 ab
970 1800 1130 1854 Alexandro
1139 1802 1241 1856 Aetolo
1251 1819 1296 1871 ap.

144 1872 247 1925 Athen.
261 1872 322 1940 699,
336 1871 414 1925 cuius
432 1871 520 1925 uerba
538 1870 574 1924 de
594 1871 702 1923 Boeoto
718 1867 809 1922 Φλόων
821 1870 917 1936 ἀνθηρῇ
935 1870 984 1923 σὺν
996 1871 1173 1938 κακοδαιμονίῃ
1187 1881 1296 1940 egesta·

145 1949 202 1994 tem
215 1941 375 2009 significant
388 1941 478 2011 qualis
496 1940 582 1995 etiam
600 1940 629 1993 in
642 1940 770 2005 Euboeo‚
783 1939 867 1993 simili
884 1939 1020 2010 scriptore
1035 1950 1063 1995 et
1076 1940 1123 2010 qui
1137 1940 1166 1994 in
1179 1941 1297 1995 Atheni·

145 2027 228 2065 enses
243 2013 371 2066 inuectus
388 2011 478 2079 fuerit,
491 2011 582 2080 potuit
594 2027 666 2065 esse.
704 2012 767 2064 Nec
784 2011 858 2064 male
877 2010 913 2064 de
931 2010 1056 2079 parodiis
1075 2011 1176 2066 dicitur
1188 2016 1297 2082 parum

144 2082 247 2149 stabili,
260 2083 288 2137 h.
297 2099 320 2136 e.
331 2098 389 2136 non
402 2081 430 2135 in
443 2083 559 2150 longum
572 2082 713 2135 durature.
750 2081 803 2135 Vel
817 2078 856 2149 (ι)
871 2080 1032 2163 Menippus,
1044 2081 1090 2152 qui
1104 2082 1297 2152 σπονδογελοια

145 2151 265 2220 scripsit,
273 2156 382 2221 porum
394 2153 493 2206 stabile
504 2169 624 2219 carmen,
635 2160 665 2204 ut
678 2151 761 2205 docet
775 2150 915 2204 Lucianus
927 2153 975 2205 Bis
985 2154 1087 2207 Accus.
1098 2152 1180 2206 xxxiii
1194 2152 1296 2207 citatus

146 2238 163 2275 a
176 2221 272 2276 Riesio
281 2225 400 2277 Varron.
412 2224 470 2277 Sat.
481 2238 508 2290 p.
521 2237 548 2275 11
562 2218 662 2290 Κρᾶσίν
675 2242 731 2274 τινα
743 2221 892 2290 παράδοξον
901 2221 1021 2291 κέκραμαι
1034 2225 1074 2276 καὶ
1088 2225 1146 2275 οὔτε
1157 2225 1233 2288 πεζός
1246 2223 1297 2293 εἰμι

145 2295 204 2345 οὔτε
221 2293 263 2346 ε’πὶ
281 2298 331 2347 τῶν
348 2294 448 2363 μέτρων
465 2293 573 2361 βέβηκα,
589 2291 659 2344 ἀλλὰ
678 2289 877 2361 ἱπποκενταύρου
894 2292 965 2358 δίκην
982 2291 1107 2346 σύνθετόν
1122 2315 1147 2346 τι
1165 2294 1205 2345 καὶ
1224 2293 1298 2359 ξένον

145 2363 241 2432 φάσμα
253 2365 307 2418 τοῖς
319 2363 443 2417 ἀκούουσι
455 2363 530 2415 δοκῶ.
568 2362 625 2416 Hic
641 2361 743 2431 pannis
760 2363 870 2416 uelatus
883 2361 1024 2416 inducitur
1036 2380 1054 2417 a
1068 2363 1193 2417 Luciano
1208 2363 1297 2433 (Dial.
1355 2391 1358 2396 ·

147 2434 231 2488 Mort.
253 2432 268 2488 i.
290 2430 319 2501 2)
342 2443 370 2488 et
395 2433 432 2487 ad
457 2448 597 2487 summam
619 2431 744 2502 inopiam
766 2432 897 2487 redactus
919 2433 1072 2502 suspendio
1094 2434 1182 2488 uitam
1207 2434 1297 2489 finiuit

147 2502 243 2571 (Diog.
264 2504 294 2558 L.
314 2503 351 2558 vi.
373 2503 442 2572 100).
484 2505 530 2557 An
552 2512 594 2557 est
618 2502 657 2572 (3)
682 2502 822 2571 Diagoras
846 2502 958 2571 Melius,
980 2514 1158 2574 contemptor
1179 2505 1297 2559 deorum

144 2573 337 2643 philosophus,
350 2573 426 2629 idem
444 2583 529 2643 poeta
546 2572 670 2642 lyricus?
706 2572 795 2642 (Suid.
810 2591 831 2627 s
845 2576 884 2639 u.)
923 2573 980 2627 Hic
997 2574 1075 2628 enim
1093 2592 1158 2628 cum
1176 2575 1296 2630 Athenis

145 2658 232 2712 agens
254 2646 343 2700 multa
361 2646 397 2700 de
416 2643 568 2699 Eleusiniis
587 2644 723 2712 probrosa
741 2643 894 2712 effudisset,
914 2655 1062 2698 accusatus
1080 2654 1227 2714 tamquam
1245 2645 1296 2699 im·

145 2713 215 2782 piuS,
234 2715 368 2770 Pallenen
384 2714 510 2769 Achaiae
529 2714 557 2768 in
576 2714 689 2768 exilium
708 2731 739 2767 se
757 2713 871 2783 recepit,
890 2724 1034 2783 postremo
1054 2715 1228 2783 Corinthum,
1247 2714 1296 2769 ubi

144 2794 271 2839 mortuus
291 2795 335 2840 est
356 2785 447 2855 (Suid.
469 2802 491 2840 s.
511 2802 546 2853 u.,
570 2785 696 2853 Hesych.
717 2783 845 2838 Milesius
866 2801 912 2853 ap.
934 2785 1063 2838 Muelleri
1086 2787 1197 2854 Fragm.
1220 2785 1297 2842 Hist.

146 2856 246 2909 Graec.
259 2855 295 2910 iv.
314 2873 341 2925 p.
358 2856 428 2925 160).
466 2857 543 2909 Nam
561 2854 585 2909 si
605 2854 818 2923 dithyrambicis
837 2871 909 2923 quae
926 2855 1073 2924 scripsisse
1087 2857 1174 2909 fertur
1188 2856 1296 2924 (Schol.

144 2926 193 2979 Ar.
215 2927 287 2981 Ran.
307 2926 370 2995 320)
393 2925 622 2980 contumeliosius
645 2925 752 2978 dixerat
773 2925 810 2978 de
832 2924 919 2978 sacris
939 2926 984 2978 uel
1004 2925 1048 2978 dis
1069 2925 1296 2993 Atheniensium,

145 2994 245 3049 merito
261 3006 371 3066 poterat
383 2996 438 3051 dici
452 3000 561 3066 parum
579 2996 677 3050 stabili
692 2997 816 3050 carmine
832 2996 945 3048 laesztse
955 2995 1093 3050 Athenas.
1131 2996 1173 3050 Cf.
1188 2997 1252 3064 Lys.
1266 2996 1296 3049 in

144 3066 254 3122 Andoc.
277 3079 307 3133 17
325 3066 448 3138 Τοσούτῳ
467 3065 490 3120 δ’
509 3065 584 3120 οὗτος
603 3068 731 3135 Διαγόρου
754 3069 801 3119 τοῦ
826 3067 929 3132 Μηλίου
952 3065 1128 3134 ἀσεβέστερος
1151 3066 1295 3136 γεγένηται·

144 3136 238 3191 ἐκεῖνος
250 3137 357 3208 μὲνγὰρ
370 3140 454 3210 λόγῳ
470 3137 540 3206 περὶ
557 3137 592 3190 τὰ
609 3136 761 3203 ἀλλότρια
778 3136 843 3204 ἱερὰ
861 3136 908 3189 καὶ
925 3137 1033 3202 εὀρτὰς
1047 3133 1167 3204 ἠσέβει,
1181 3135 1254 3207 οὗτος
1267 3135 1296 3189 δὲ

144 3207 211 3278 ἔργῳ
229 3209 288 3275 περὶ
305 3208 337 3262 τὰ
355 3207 383 3260 έν
400 3207 433 3276 τῇ
450 3209 529 3261 αὑτοῦ
546 3209 631 3260 πόλει.
656 3205 805 3276 ὀργίζεσθαι
824 3203 868 3259 οὖν
880 3205 972 3276 χρη,όν
989 3206 1079 3276 άνδρες
1090 3203 1228 3274 Ἀθηναῖοι,
1240 3209 1296 3262 τοῖς

144 3276 235 3332 άστοῑς
250 3276 395 3333 ἀδικοῦσι
410 3275 539 3347 μᾶλλονθ
558 3280 624 3333 τοῖς
642 3277 744 3344 ξένοις
761 3276 832 3345 περὶ
849 3281 945 3329 ταῦτα
962 3277 997 3330 τά
1016 3277 1090 3346 ἱερά.
1128 3276 1183 3345 Qui
1197 3294 1294 3347 quam-

145 3363 230 3416 quam
252 3364 269 3402 a
290 3349 375 3416 nullo,
395 3349 472 3418 quod
494 3346 591 3416 sciam,
611 3347 713 3402 dicitur
733 3351 865 3412 periisse
886 3349 1011 3402 inuisus
1030 3349 1192 3401 deficiente
1214 3351 1294 3415 eibo,

145 3428 251 3487 quanto
275 3418 341 3472 odio
365 3418 448 3474 fuerit
471 3418 692 3473 Atheniensibus
717 3427 836 3472 testatur
860 3418 1004 3472 decretum
1029 3418 1105 3487 quod
1129 3435 1163 3471 ex
1186 3417 1293 3472 Crateri

145 3489 281 3558 Συναγωγῇ
293 3490 474 3558 ψηφισμάτων
486 3489 554 3544 citat
567 3490 664 3543 Schol.
677 3488 763 3543 Arist.
775 3490 829 3542 Au.
841 3502 906 3555 1073
920 3489 960 3558 Τῲ
971 3488 1019 3554 μέν
1031 3488 1206 3541 ἀποκτείναντι
1218 3488 1295 3541 αὐτὸν

144 3560 270 3611 τάλαντον
282 3560 430 3626 λαμβάνειν,
439 3560 475 3632 τῷ
487 3561 515 3613 δὲ
528 3560 616 3629 ἄγοντι
628 3558 688 3613 δύαι
703 3559 737 3613 cf.
747 3558 832 3613 Diod.
841 3558 896 3612 xiii.
905 3559 923 3612 6
930 3575 937 3626 ;
950 3575 1042 3628 neque
1052 3575 1069 3613 a
1081 3575 1148 3612 uero
1161 3558 1294 3612 abhorret

57 3663 60 3670 ·
144 3628 305 3683 huiusmodi
326 3639 447 3684 mortem
467 3631 562 3684 fictam
581 3639 682 3699 postea
700 3628 787 3682 fuisse
805 3629 842 3682 ab
861 3628 895 3682 iis
913 3628 961 3698 qui
980 3629 1055 3681 ἄθεον
1072 3638 1205 3683 uocatum
1224 3629 1293 3683 Dia·

144 3715 232 3767 goran
245 3699 448 3755 meminissent.
484 3703 648 3755 Ceterorum
661 3699 836 3753 coniecturas
848 3699 914 3753 uide
927 3698 1131 3768 ap.Weichert.
1143 3700 1220 3753 Poet.
1232 3700 1293 3755 Lat.

144 3786 171 3850 p.
185 3784 244 3838 319.
316 3773 386 3826 525.
403 3774 490 3836 lyrae
506 3776 596 3825 untes
612 3773 713 3825 fertur
729 3773 861 3834 periisse
877 3786 1013 3824 seuerae.
1051 3771 1107 3823 Hic
1124 3769 1186 3839 quis
1203 3770 1294 3838 fuerit,

144 3850 290 3895 incertum.
328 3841 357 3895 Si
370 3859 405 3896 ex
418 3841 562 3911 Saluagnii
576 3840 716 3895 sententia
730 3844 860 3895 dextera
876 3844 962 3895 laesa
981 3840 1050 3894 fides
1069 3840 1175 3894 uiolata
1193 3840 1294 3896 intelli-

143 3911 238 3978 genda
256 3920 307 3979 est,
326 3911 458 3982 equidem
477 3912 513 3967 de
530 3911 729 3965 Timocreonte
746 3911 840 3980 potius
859 3927 944 3980 quam
963 3911 1000 3964 de
1017 3910 1115 3964 Alcaei
1135 3910 1293 3965 minacibus

146 3980 278 4035 Camenis
293 3981 375 4050 (Hor.
389 3983 421 4037 C.
435 3981 470 4037 iv.
480 3997 505 4051 9.
516 3981 543 4049 7)
557 3982 732 4051 interpretor,
745 3981 875 4050 quamuis
888 3982 917 4035 id
930 3998 1014 4035 nemo
1027 3991 1093 4035 ante
1106 3998 1152 4034 me
1165 3981 1294 4036 uideatur

144 4050 308 4106 coniecisse.
352 4053 425 4108 Plut.
444 4054 545 4107 Them.
563 4052 608 4105 xxi
629 4051 773 4122 Τιμοκρέων
794 4048 816 4105 δ’
839 4054 853 4104 ὁ
873 4048 971 4106 Ῥόδιος
991 4053 1130 4119 μελοποιὸς
1151 4051 1178 4104 έν
1195 4049 1294 4123 ᾅσματι

144 4121 298 4176 καθάπτεται
310 4125 460 4192 πικρότερον
472 4128 518 4177 τοῦ
531 4122 746 4192 Θεμιστοκλέους,
759 4122 793 4177 ὡς
808 4121 906 4177 άλλους
922 4123 968 4191 μέν
980 4122 1031 4175 ἐπὶ·
1039 4122 1155 4208 γρὴμασι
1173 4123 1295 4209 φυγάδας

144 4190 349 4262 διαπραξαμένου
365 4193 504 4260 κατελθεῖν,
517 4193 594 4248 αὐτὸν
607 4193 634 4245 δέ
651 4193 724 4261 ξένον
736 4191 797 4247 ὅντα
812 4195 852 4245 καὶ
864 4194 945 4261 φίλον
957 4212 1098 4261 προεμενου
1115 4191 1146 4244 διι
1160 4192 1293 4262 ἀργυριον.

143 4260 214 4330 λέγει
227 4261 251 4316 δ’
259 4261 339 4318 οὕτως
350 4263 425 4332 (post
434 4264 532 4319 laudes
542 4263 685 4333 Aristidis)
695 4264 751 4316 ἐπεὶ
762 4261 937 4330 Θεμιστοκλῆ’
950 4261 1046 4332 ἤχθαρε
1057 4264 1139 4328 Λατώ,
1151 4261 1294 4315 Ψεθσταν

143 4332 258 4400 άδικον,
282 4334 444 4404 προδόταν,
469 4334 497 4389 ὃς
523 4334 729 4403 Τιμοκρέοντα
754 4336 843 4389 Ξεῖνον
866 4332 933 4387 ἐόντ’
956 4333 1103 4403 άργνρίοισι
1127 4333 1293 4393 κνβαλικοῖσι

143 4403 259 4459 πεισθείς
278 4404 308 4456 οίι
327 4406 435 4474 κατᾶγεν
451 4402 495 4459 Ἐς
512 4401 614 4473 πατρίδ’
631 4403 760 4471 Ἰάλυσον,
772 4406 862 4466 λαβὼν
880 4403 908 4456 δέ
924 4402 981 4473 Tpi'
998 4402 1111 4472 ἀργύρου
1126 4399 1231 4454 τάλαντ’
1243 4402 1296 4463 ἔβα

143 4475 231 4529 πλέων
245 4475 282 4530 είς
299 4473 417 4544 όλεθρον,
429 4474 494 4530 Τοὺς
511 4476 558 4544 μὲν
575 4475 691 4546 κατάγων
707 4474 807 4542 ἀδίκως,
819 4473 878 4529 τοὺς
895 4474 916 4527 δ’
930 4473 1064 4539 ἐκδιώκων,
1076 4472 1136 4528 τοὺς
1151 4472 1179 4526 δέ
1192 4471 1291 4539 καίνων,
