3038 5010
187 404 244 459 158
586 393 935 457 COMMENTARIVS.

184 556 221 611 ab
235 571 304 642 apro
317 568 424 608 caesus.
457 554 624 617 sanguine.
650 549 722 605 Bion
735 549 811 619 Epit.
824 546 944 618 Adon.{9
952 550 983 603 τὸ
992 549 1020 602 δὲ
1033 549 1057 601 ot
1070 549 1152 618 με’λαν
1164 547 1260 613 εἴβεται
1273 546 1335 640 αἷμα

184 633 291 680 Χιονεας
309 625 372 678 κατὰ
390 625 494 692 σαρκός.
530 622 565 688 64
583 621 700 692 Δάκρυον
717 624 733 673 ό
751 629 793 673 Πα
818 621 844 673 ία
861 623 961 673 τόσσον
976 619 1038 690 χέει,
1051 616 1253 675 όσσονἈδωνις
1267 629 1336 690 Αιμα

185 697 249 767 χέει,
259 696 290 748 τό
300 695 328 747 δέ
337 695 419 748 πάντα
428 694 488 746 ποτὶ
496 691 570 761 χθονί
580 692 675 760 γίνεται
683 691 755 758 άνθη·
776 699 841 760 Αιμα
850 689 929 759 ῥόδον
936 690 1023 756 τίκτει,
1032 691 1064 743 τὰ
1074 690 1102 743 δέ
1115 690 1211 758 δάκρυα
1223 691 1269 744 τὰν
1277 690 1335 745 ἀνε-

185 769 279 834 μώναν.
298 781 358 819 auo
367 767 509 828 genitore
516 761 696 816 oreatus‘he
704 762 799 815 whose
807 760 1014 831 grandsirewas
1024 762 1072 814 the
1080 761 1172 815 father
1180 761 1241 815 that
1249 761 1335 830 begot

184 837 261 891 him!
292 837 368 889 Nam
383 833 501 902 Cinyras
513 832 628 886 Adonin
641 849 674 886 ex
688 831 745 885 filia
757 849 809 885 sua
823 831 940 900 Myrrha
951 831 1117 900 procreauit.
1195 834 1336 886 566.ou1

185 923 244 960 sua
255 921 369 970 parens
384 904 500 972 Myrrha
510 902 570 957 siue
579 904 699 971 Smyrna
711 919 767 966 per
776 905 899 956 minus
910 905 993 955 saeta
1002 907 1050 956 est
1061 918 1159 965 soror,
1172 918 1236 955 curn
1249 903 1335 956 ambo

187 976 307 1044 Cinyrae
317 974 396 1028 liberi
407 983 509 1028 essent.
567 976 635 1028 567.
652 976 709 1026 teli
720 988 827 1040 genus,
838 973 951 1026 aculeus
965 971 1090 1040 trygonis
1105 971 1223 1041 ‘prickly
1236 973 1336 1026 roach³

185 1063 241 1127 quo
255 1047 370 1114 Vlysses
384 1062 401 1098 a
414 1043 471 1097 filio
484 1060 535 1097 suo
551 1043 686 1114 Telegono
698 1045 859 1097 uulneratus
874 1051 926 1097 est.
964 1044 1009 1096 De
1027 1043 1082 1096 hoc
1098 1041 1233 1096 Aelianus
1248 1045 1286 1096 H.
1299 1045 1333 1098 A.

184 1116 210 1170 i1.
222 1117 255 1184 36
266 1115 333 1169 dicit
344 1115 447 1184 κέντρον
455 1115 611 1178 ’πικρότατον
624 1114 664 1165 καὶ
677 1113 790 1166 κίνδυνον
802 1114 885 1181 φέρον
896 1113 1014 1165 ἁπάντων
1025 1114 1127 1181 μᾶλλον
1139 1111 1153 1179 ἡ
1165 1114 1266 1182 τρυγὼν
1278 1112 1293 1179 ἡ
1306 1113 1335 1166 ἐκ

128 1232 131 1236 1
184 1188 229 1252 τῆς
238 1186 377 1252 θαλάσσης
385 1185 448 1270 ἔχει.
485 1185 512 1236 Ν
516 1183 608 1237 icand.
616 1185 699 1238 Ther.
709 1184 760 1237 828
772 1185 883 1254 τρυγόνα
894 1182 1053 1252 ὀλαεργὸν,
1063 1184 1115 1249 834
1123 1181 1195 1249 ἀνδρὶ
1203 1183 1231 1235 δέ
1241 1184 1336 1248 σάρκες

185 1255 331 1324 Πυθόμεναι
347 1255 492 1323 μινυθουσι·
519 1256 598 1322 λόγος
618 1275 649 1323 γε
669 1255 716 1320 μέν
739 1252 908 1322 (urodrtur)
930 1254 964 1307 ὦς
984 1249 1041 1306 ποτ’
1059 1250 1204 1307 Ὀδυσσεὺς
1216 1248 1334 1323 Ἐφθιτο

184 1325 338 1397 λευγαλέοιο
359 1325 446 1379 τυπεὶς
465 1322 541 1376 άλίου
561 1323 611 1377 ὑπὸ
634 1325 746 1392 κέντρου.
794 1323 951 1377 Historiam
975 1331 1101 1377 narrarat
1124 1323 1279 1392 Sophocles
1304 1323 1333 1378 in

185 1394 311 1450 Ὀδυσσεῖ
340 1392 539 1464 Ἀκανθοπλῆγι,
566 1392 697 1461 tetigerat
725 1394 882 1462 Aeschylus
907 1393 936 1446 in
958 1395 1137 1463 Ψυχαγωγοῖς,
1165 1393 1333 1448 Parthenius

186 1469 265 1521 Erot.
276 1465 304 1519 iii
316 1466 424 1534 (Merry
434 1464 471 1518 ad
480 1464 534 1518 Od.
547 1463 583 1518 xi.
597 1463 665 1532 134).
709 1467 780 1518 568.
791 1467 888 1517 Icarii
899 1479 1002 1528 gener.
1021 1464 1163 1532 Penelope
1173 1463 1231 1518 filia
1242 1463 1332 1519 Icarii.

185 1539 275 1592 Tzetz.
288 1536 325 1590 ad
341 1537 407 1604 Lyc.
421 1548 473 1603 794
484 1532 647 1604 Ὓπεργίγριυς
662 1532 833 1589 ὁὈδυσσεὺς
850 1533 1017 1600 ἐτελεύτησεν
1034 1533 1173 1603 ἀναιρεθείς
1191 1533 1240 1587 ὑπὸ
1251 1536 1333 1601 Τηλε-

184 1609 271 1676 γόνου,
283 1609 329 1660 ταῦ
341 1606 369 1658 ἐκ
382 1606 477 1675 Κίρκης
488 1604 555 1675 αὐτῷ
571 1603 735 1674 γεννηθέντος
751 1604 815 1670 υίοῦ,
827 1606 948 1670 πολεμῶν
959 1604 1023 1673 ὑπὲρ
1036 1608 1087 1658 τῶν
1098 1605 1189 1657 ἑαυτοῦ
1201 1604 1333 1673 ποιμνίων.

185 1676 317 1745 Μέμνηται
335 1676 363 1729 δὲ
381 1674 473 1728 τούτου
491 1675 533 1728 καί
550 1676 565 1726 ό
582 1673 722 1729 Ὀππιανός
739 1673 775 1729 εἷς
792 1675 825 1727 τὰ
841 1675 900 1744 περὶ
917 1676 1048 1744 τρυγόνος,
1063 1675 1149 1744 λέγων
1165 1674 1263 1729 οὑτωσί
1279 1696 1335 1731 πως

184 1751 260 1800 Κεῖνο
277 1744 334 1801 ποτ’
347 1744 450 1834 αἰγανέῃ
469 1743 603 1815 δολιχήρεΐ
619 1746 758 1811 κωπηέσση
777 1744 855 1814 Κίρκη
870 1747 1005 1831 Τηλεγόνῳ
1022 1744 1226 1814 πολυφόρμακος
1244 1743 1334 1799 ὤπασε

185 1815 277 1887 μήτηρ,
298 1816 436 1885 Αἶχμαζειν
457 1815 536 1882 δηίοις
559 1815 634 1868 ἅλιον
657 1814 746 1883 μόρον.
773 1815 860 1884 Αὐτὰρ
881 1816 896 1866 ό
920 1835 991 1882 νησω
1015 1815 1144 1885 Αἶγιβότφ
1168 1816 1333 1882 προσέκελσε

186 1888 227 1940 καὶ
246 1888 276 1940 οὗ
291 1887 364 1954 μάθε,
377 1888 447 1940 πώεα
462 1884 564 1954 πέρθων
576 1887 679 1955 Πατρός
694 1887 746 1938 έοῦ·
764 1886 865 1955 γεραρῷ
878 1885 906 1937 δέ
918 1866 1105 1952 βοηδρομέαντι
1117 1886 1191 1951 τοκῗηῖ
1202 1885 1276 1954 Αὐτῷ
1288 1887 1334 1939 τόν

185 1958 296 2026 μάστευε
309 1957 385 2023 κακὴν
396 1955 539 2023 ἀνεμάξατο
552 1957 623 2023 κῆρα.
661 1958 797 2024 Hyg.127
814 1957 967 2026 Telegonus
984 1956 1087 2025 Vlyssis
1104 1961 1132 2009 et
1145 1955 1238 2009 Circes
1247 1956 1334 2024 filius

186 2029 289 2080 missia
304 2044 323 2079 α
340 2033 431 2080 matre
443 2032 476 2079 ut
485 2027 640 2096 genitorem
653 2032 805 2095 quaereret,
817 2030 977 2096 tempestate
988 2027 1019 2080 in
1031 2025 1159 2079 Ithacam
1171 2031 1213 2079 esl
1222 2027 1334 2081 delatus

185 2098 278 2166 ibique
286 2096 369 2165 fame
385 2102 496 2150 coaetus
513 2112 597 2165 agros
613 2097 784 2166 depopulari
798 2098 893 2166 coepit.
930 2112 992 2150 eum
1011 2112 1065 2165 quo
1088 2096 1194 2165 Vlysses
1210 2102 1240 2150 et
1258 2097 1286 2149 T
1281 2097 1334 2151 ele-

185 2166 300 2220 machus
311 2168 412 2237 ignori
420 2184 504 2219 armo
515 2167 699 2220 contulerunt.
742 2167 848 2236 Vlysses
860 2185 878 2219 a
894 2166 1028 2237 Telegono
1032 2167 1099 2235 filio
1110 2172 1153 2220 est
1163 2167 1332 2236 interfectus,

184 2238 262 2306 quod
277 2238 305 2290 ei
323 2240 485 2316 responsum
498 2236 609 2305 suerat,
627 2242 661 2290 ut
678 2237 773 2305 ofilio
790 2242 900 2290 caueret
915 2243 1038 2290 mortem.
1100 2262 1106 2275 =
1128 2239 1198 2290 569.
1216 2240 1333 2301 loquax

186 2304 315 2360 Anticlus
329 2323 376 2375 qur
389 2322 462 2376 equo
475 2306 592 2360 durateo
608 2323 672 2359 cum
688 2306 751 2360 aliis
767 2307 936 2376 primoribus
949 2306 1099 2360 Graiorum
1111 2305 1235 2360 inclusus
1252 2324 1332 2362 acce·

186 2376 265 2430 denti
289 2377 417 2429 Helenae
439 2386 467 2430 et
488 2393 589 2430 uocem
610 2376 731 2430 imitanti
753 2394 870 2430 uxorum
892 2376 1026 2446 cuiusque
1048 2378 1124 2431 solus
1145 2393 1333 2446 responsurus

185 2456 254 2514 erat,
267 2445 321 2499 nisi
335 2447 451 2514 Vlysses
464 2462 496 2499 os
509 2446 639 2500 manibus
652 2446 823 2502 occlusisset.
862 2447 917 2502 0d.
930 2447 965 2502 iv.
980 2443 1182 2515 285-289''Evl'
1195 2447 1272 2502 ἄλλοι
1284 2448 1333 2516 μὲν

186 2518 277 2571 πάντες
296 2515 358 2583 άκὴν
376 2516 440 2569 ἕσαν
457 2513 509 2570 υἷες
526 2514 645 2586 Ἀχαιῶν,
656 2515 796 2573 ’Ἀντικλος
817 2517 846 2569 δέ
864 2517 897 2570 σέ
913 2515 938 2586 γ’
957 2513 1010 2571 οἶος
1028 2515 1191 2586 ἀμείψασθαι
1208 2517 1332 2572 ἐπέεσσιν

179 2583 305 2640 ’Ἧθελεν
322 2584 382 2638 ἀλλ’
394 2584 519 2641 Ὀδυσεὺς
536 2587 579 2640 ἐπὶ
595 2588 715 2654 μάστακα
733 2587 811 2657 χερσὶ
828 2587 913 2652 πίεζεν
924 2588 1067 2655 Νωλεμέιυς
1082 2587 1228 2655 κρατερῇσι,
1241 2589 1333 2642 σάωσε

187 2657 215 2710 δὲ
227 2657 323 2710 πάντας
333 2655 461 2724 Ἀχαιοὺτ,
475 2656 522 2725 qui
535 2674 633 2710 uersus
646 2658 682 2710 ab
695 2657 859 2712 Aristarcho
877 2666 1022 2727 tamquam
1041 2656 1215 2726 suppositicii
1234 2658 1331 2713 reiecti

187 2736 261 2782 sunt.
309 2727 396 2780 Paulo
421 2725 502 2780 aliter
523 2727 734 2796 Tryphiodorus
759 2727 788 2781 in
811 2725 891 2780 Ἰλίου
913 2725 1034 2795 *Αλώσεη
1058 2727 1134 2795 apud
1156 2728 1332 2797 quemdum

189 2798 302 2852 Helena
320 2796 396 2850 iuxta
415 2797 516 2850 aedem
536 2797 683 2853 Mineruae
703 2797 778 2853 circa
795 2814 899 2867 equum
918 2796 1052 2852 incedens
1070 2814 1170 2851 uxores
1188 2797 1331 2853 Achiuum

185 2867 322 2936 nominat,
344 2867 429 2921 ceteri
448 2867 548 2920 inclusi
566 2868 643 2936 flent,
662 2864 801 2923 ’Ἀντικλος
819 2866 842 2921 δ’
858 2867 901 2922 ὅτε
919 2868 1023 2956 κέντρον
1040 2867 1146 2936 ἐδέξατο
1165 2868 1331 2937 Λαοδαμείης,

185 2941 288 2993 Μοῦνος
308 2936 444 3007 άμοιβαίην
465 2936 625 3001 ἀνεβάλλετο
643 2940 723 3008 γῆρυν
742 2937 850 3007 ἀνοίξας.
885 2934 960 2990 Ἀλλ’
988 2938 1103 2992 Οδυσεύς
1124 2937 1269 3024 κατέπαλτο
1290 2941 1332 2994 καὶ

184 3006 1332 3149 §tisimttitttttotmnttryi‘them“r“etntsm

185 3149 309 3217 πιεσθείς,
334 3146 437 3218 Φεάγων
464 3147 511 3200 ἀνδ
529 3150 636 3216 οφόνοιο
663 3150 778 3216 πελόρια
806 3149 890 3217 δεσμὰ
911 3151 1017 3216 σιωπῆς.
1062 3148 1112 3201 Καὶ
1130 3150 1174 3202 τόν
1190 3150 1239 3218 μὲν
1254 3149 1332 3204 λίπεν

185 3215 275 3287 ἆσθμα
292 3216 447 3287 φερέσβιον·
465 3219 489 3270 oi
507 3168 536 3270 δέ
553 3240 596 3286 μιν
609 3218 685 3272 ἄλλοι
697 3219 814 3286 Δάκρυσι
830 3218 1003 3287 λαθριδίοισιν
1015 3217 1217 3274 ε’πικλαάσαντες
1227 3218 1332 3288 Ἀχαιοί

185 3291 283 3340 Κοῖλον
298 3286 494 3357 ὖποκρόφαντες
505 3287 532 3343 ές
544 3288 631 3352 ἰσχίον
649 3289 757 3342 ἔνθεσαν
773 3286 853 3342 ’ίππου
865 3289 914 3342 Καὶ
932 3291 1042 3358 χλαῖναν
1057 3288 1198 3357 μελέεσσιν
1214 3289 1256 3344 ε’πί
1274 3291 1330 3359 titv-

185 3361 274 3426 χροῖαι
294 3357 444 3420 βαλάντια*
483 3359 612 3413 Eudocia
631 3359 704 3413 Viol.
723 3359 776 3426 276
798 3359 886 3413 Flach
907 3359 1060 3413 nominatis
1083 3374 1113 3413 12
1135 3358 1183 3428 qui
1205 3359 1234 3413 in
1255 3377 1330 3430 equo

129 3444 135 3455 ·
185 3427 285 3482 inclusi
298 3439 363 3482 sunt
376 3428 486 3482 dubitat
499 3429 534 3483 de
552 3429 665 3484 Anticlo
682 3429 714 3481 El
730 3429 758 3482 δὲ
774 3427 844 3482 τοῦθ
862 3427 943 3484 οὕτως
958 3429 1021 3499 ἔχει,
1039 3433 1090 3482 ποῦ
1108 3425 1331 3488 έστινἈντικλος

184 3494 214 3551 οὗ
235 3499 342 3565 φθάσας
362 3499 550 3567 ἐμνημόνευσεν
571 3502 586 3552 ό
606 3497 727 3565 notarim
773 3503 878 3554 elisus.
910 3501 978 3554 Her.
993 3499 1028 3554 ix.
1042 3501 1075 3568 85
1094 3500 1176 3553 eletos
1184 3500 1329 3568 saucibus.

182 3585 303 3624 acerno.
339 3571 411 3623 Aen.
433 3568 460 3623 ii.
481 3584 528 3622 112
553 3587 616 3624 eum
639 3572 698 3624 iam
722 3569 769 3624 ltic
790 3570 916 3624 trabibus
937 3575 1080 3624 contextus
1103 3572 1212 3623 acernis
1232 3571 1332 3625 Staret

182 3656 252 3693 ecus.
291 3638 341 3692 ‘In
355 3638 516 3708 describing
528 3641 576 3694 the
589 3641 693 3709 Trojan
706 3641 798 3708 horse,
811 3639 901 3708 Virgil
916 3640 975 3694 first
993 3640 1096 3708 speaks
1113 3641 1146 3694 of
1160 3639 1181 3694 it
1199 3657 1232 3694 as
1249 3640 1328 3710 pine-

183 3709 273 3775 wood,
286 3709 353 3762 then
372 3726 404 3762 as
423 3710 525 3777 maple,
538 3710 595 3763 and
612 3711 695 3779 lastly
708 3727 739 3764 as
756 3711 830 3777 oak3
849 3719 907 3778 not,
922 3712 934 3763 I
949 3709 1038 3778 think,
1051 3711 1123 3763 from
1136 3709 1283 3764 confusion
1296 3728 1329 3765 or

183 3778 388 3847 forgetfulness,
401 3779 451 3832 but
464 3796 495 3832 as
513 3797 549 3832 an
567 3780 705 3834 assertion
724 3780 756 3834 of
770 3780 819 3834 the
837 3782 925 3849 poet's
942 3780 1076 3849 privilege
1089 3789 1119 3834 to
1132 3791 1284 3849 represent,
1298 3780 1328 3836 in

183 3865 215 3902 as
230 3865 316 3915 many
329 3865 404 3917 ways
421 3865 453 3902 as
472 3850 507 3903 he
525 3850 649 3918 pleased,
662 3851 710 3905 the
728 3851 842 3919 general
860 3849 958 3905 notion
976 3851 1009 3904 of
1022 3851 1121 3904 wood.'
1158 3851 1329 3920 Conington,

185 3918 290 3971 Introd.
304 3927 334 3971 to
346 3917 457 3972 Aeneid
473 3935 500 3987 p.
513 3934 551 3973 10.
590 3919 698 3990 Optimi
711 3921 824 3975 codices
836 3921 942 3976 habent
954 3936 1077 3991 agenor,·
1094 3920 1200 3990 fuitque
1213 3923 1329 3990 Agenor

181 3987 255 4041 inter
276 3987 414 4041 Troianos
437 4005 507 4058 quos
528 3998 611 4045 nocte
633 4007 731 4045 caesos
753 3990 822 4045 dixit
842 3991 965 4045 Lesches
988 4007 1044 4061 qua
1062 3991 1149 4046 Troia
1170 4000 1253 4060 capta
1274 4001 1326 4048 est.

183 4059 267 4111 Paus.
292 4076 318 4112 x.
343 4070 391 4138 25.Ι
413 4070 435 4126 5,
460 4058 485 4126 6,
509 4072 549 4126 27.
572 4075 597 4128 2,
627 4060 730 4115 Kinkel
759 4060 840 4130 Epic.
866 4062 966 4117 Graec.
994 4062 1105 4130 Fragrn
1134 4078 1181 4131 pp.
1205 4075 1248 4130 44,
1273 4074 1326 4130 45:

182 4138 212 4181 ut
242 4144 300 4181 non
333 4127 406 4182 desit
436 4145 522 4184 causa
551 4130 652 4185 erroris
682 4130 838 4186 inueterati.
1017 4134 1081 4187 5⁷1.
1110 4135 1327 4188 Anaxarchus.

184 4198 268 4266 Diog.
285 4199 317 4253 L.
330 4197 365 4252 ix.
380 4199 412 4267 58
429 4196 596 4269 Ἀνάξαρχος,
608 4198 768 4271 Ἀβδηρίτης.
799 4203 813 4254 ὁ
832 4200 856 4254 δ’
870 4199 915 4256 οὖν
933 4199 1091 4272 Ἀνάξαρχος
1109 4203 1149 4255 καὶ
1164 4200 1328 4274 Ἀλεξάνδρῳ

183 4270 271 4335 συνῆν,
284 4269 325 4321 καὶ
343 4270 435 4337 ἤκμαζε
453 4270 516 4322 κατὰ
532 4271 578 4337 τὴν
591 4271 697 4338 δεκάτην
709 4272 750 4325 καὶ
762 4272 904 4340 ἑκατοστὴν
914 4271 1086 4342 Ὀλυμπιάδα,
1099 4273 1139 4326 καὶ
1152 4266 1220 4341 εἶχεν
1232 4272 1328 4341 ε’χθρόν

181 4337 351 4409 Νικοκρέοντα
373 4340 418 4393 τόν
437 4337 543 4409 Κάπρου
565 4339 697 4411 τύραννον.
731 4343 772 4397 καί
791 4364 855 4396 ποτε
874 4342 905 4396 ε’ν
925 4343 1063 4413 συμποσίῳ
1084 4347 1131 4397 τοῦ
1151 4342 1328 4412 Ἀλεξάνδρου

196 4476 211 4511 *
228 4475 317 4524 Primus
328 4491 357 4525 ex
368 4475 470 4539 Odyssea
481 4484 505 4524 et
516 4476 683 4540 Tryphiodoto
694 4478 771 4527 locum
783 4477 815 4526 sic
827 4479 989 4540 interpretatus
1000 4487 1035 4527 est
1047 4478 1171 4527 Politianus
1183 4478 1251 4526 Misc.
1265 4484 1306 4541 75.
