3038 5010
187 374 243 428 156
595 363 943 427 COMMENTARIVS.

182 525 295 594 direpla
302 527 359 594 per
369 528 457 576 artus.
491 521 613 576 Nicand.
626 523 669 576 Al.
681 537 732 589 302
746 519 873 589 Μαρσύου
884 517 931 591 ᾗχί
942 542 970 574 τε
982 522 1077 583 Φοῖβος
1089 517 1140 574 ἀπὸ
1152 523 1225 590 φλόιι
1239 520 1340 576 δύσατο

183 597 270 665 γυίων.
386 596 455 647 552.
475 597 565 648 ouius
585 596 716 646 nomina
736 595 875 660 Marsyas.
915 594 989 660 Hyg.
1006 592 1053 659 165
1077 592 1155 660 Quas
1177 593 1338 660 (Mineruae

184 665 309 718 abiectas
331 663 427 731 tibias)
447 665 583 733 Marsyas
606 664 713 732 Oeagri
723 664 809 732 filices
828 678 903 715 unus
923 680 937 714 e
956 663 1070 731 Satyris
1090 665 1207 716 inuenit.
1237 664 1339 732 quibus

183 736 295 788 assidue
313 735 526 787 commeletando
545 749 644 786 sonum
664 735 824 786 suauiorem
843 735 874 785 in
892 733 951 786 dies
959 733 1092 802 faciebat,
1111 734 1178 786 adeo
1196 738 1231 786 ut
1248 733 1339 803 Apol-

184 806 269 859 linem
282 805 323 857 ad
331 804 456 856 citharae
473 810 587 857 cantum
606 805 637 855 in
655 809 792 856 certamen
807 806 983 872 prouocaret.
1020 819 1074 871 quo
1087 809 1121 855 ut
1131 803 1238 873 Apollo
1250 804 1338 871 uenc't,

183 877 287 928 Musas
305 875 409 927 iudices
426 876 626 943 sumpserunt:
643 879 748 927 etcum
766 875 824 925 iam
836 874 972 942 Marsyas
989 873 1055 925 inde
1072 875 1166 926 uictor
1181 874 1338 942 discederet,

184 946 290 1014 Apollo
303 944 442 997 citharam
455 944 592 1010 uersabat,
605 944 731 1012 emurque
742 959 827 995 sonus
838 950 919 1007 erat;
936 943 1013 1012 quod
1022 943 1143 1012 Marsya
1156 944 1233 996 tibiis
1240 945 1339 1013 facere

183 1032 240 1068 non
250 1017 352 1083 potuit.
372 1016 467 1083 itaque
478 1014 584 1083 Apollo
596 1015 703 1067 uictum
716 1015 856 1082 Marsyan
869 1015 910 1067 ad
918 1014 1044 1066 arborem
1055 1014 1208 1082 religatum
1218 1013 1338 1082 Scythae

182 1086 312 1151 tradidit,
340 1086 392 1153 qui
419 1101 482 1137 eum
513 1084 687 1136 membratim
717 1085 871 1153 separauit.
902 1085 1042 1152 reliquum
1067 1088 1169 1154 corpus
1198 1085 1338 1154 discipulo

187 1156 305 1224 Olympo
316 1155 478 1224 sepulturae
489 1155 624 1207 tradidit:
641 1172 655 1206 e
667 1155 747 1206 cuius
757 1156 896 1224 songm'ne
903 1154 1016 1222 flumen
1028 1155 1150 1222 Marsya
1161 1159 1202 1207 est
1213 1155 1337 1224 appella·

183 1231 254 1279 tum.
293 1226 332 1277 M.
353 1224 387 1278 vi.
403 1239 456 1290 400
472 1225 594 1294 Marsya
614 1240 713 1277 nomen
734 1223 822 1291 habet,
844 1224 987 1294 Phrygiae
1008 1224 1215 1292 liquidissimus
1234 1227 1337 1291 amnis,

185 1312 269 1365 quem
283 1296 376 1347 locum
389 1294 481 1349 attulit
497 1294 649 1348 Mauricius
664 1293 793 1348 Schmidt
807 1293 844 1347 ad
858 1296 932 1362 Hyg.
950 1293 1005 1362 165.
1096 1297 1165 1348 553.
1185 1297 1337 1349 Saxificae

184 1369 343 1419 Medusae.
381 1367 422 1418 M.
435 1384 461 1418 ν.
475 1365 527 1418 216
544 1365 645 1432 Vincis,
664 1366 714 1432 ait,
730 1365 853 1428 Perseu,·
874 1381 984 1417 remoue
1001 1369 1053 1418 tua
1071 1370 1206 1431 monstra,
1219 1370 1338 1434 tuaeque

185 1435 352 1489 saxificos
365 1436 485 1502 uultus,
498 1451 677 1504 quaecunque
687 1452 727 1501 ea,
741 1435 807 1487 tolle
821 1434 991 1488 Medusae.
1064 1437 1135 1487 554.
1155 1438 1337 1499 Cephenum

185 1505 366 1574 Aethiopum.
403 1507 517 1558 Tzetzes
536 1505 573 1558 ad
597 1507 662 1573 Lyc.
683 1505 734 1571 834
756 1504 839 1558 docet
858 1521 875 1558 a
896 1503 988 1558 stultis
1012 1503 1116 1573 (μωροὶ)
1139 1505 1336 1559 tantummodo

186 1575 440 1665 CephenasAethio
462 1592 493 1628 as
502 1574 567 1629 diei.
587 1575 645 1629 Sed
654 1574 710 1627 iam
720 1573 838 1627 Deinias
847 1591 891 1643 ap.
902 1575 983 1628 Phot.
992 1591 1019 1642 p.
1028 1589 1079 1641 443
1089 1575 1201 1629 Bekker
1209 1586 1336 1630 narrarat

184 1646 214 1712 ἐξ
240 1654 341 1715 Apyovs
353 1646 388 1698 tls
400 1645 432 1696 Αἰ
450 1646 542 1710 ιοπὶαν,
555 1645 697 1698 ε’καλεῖτο
710 1643 742 1696 δὲ
755 1646 824 1696 τότε
837 1645 986 1711 Κηφηνία,
999 1648 1193 1714 παραγεγονότα
1205 1645 1248 1699 ἐπὶ
1260 1644 1337 1698 λύσει

185 1718 230 1782 της
242 1713 352 1781 Κηφέως
370 1715 496 1784 θυγατρὸς
514 1717 559 1767 τὸν
572 1714 693 1783 Περσέος
713 1714 873 1768 Alexander
886 1713 1046 1782 Polyhistor
1058 1732 1102 1784 ap.
1117 1716 1215 1784 Steph.
1229 1717 1261 1769 B.
1276 1733 1298 1769 s.
1309 1733 1335 1770 u.

185 1785 268 1852 Λιβύη
281 1786 354 1839 inter
367 1785 473 1854 Libyae
486 1785 602 1839 nomina
614 1786 745 1839 retulerat
759 1785 908 1853 Κηφηνίαντ
928 1794 958 1838 ut
971 1801 1028 1838 non
1042 1785 1103 1838 sine
1115 1802 1202 1839 causa
1216 1785 1336 1839 Ouidius

186 1858 257 1911 Met.
271 1855 306 1910 iv.
320 1856 380 1923 763,
393 1874 419 1908 v.
433 1869 466 1923 97
482 1857 631 1924 Cephenas
650 1854 757 1908 uocarit
776 1872 825 1908 eos
839 1855 875 1908 de
888 1854 989 1925 quibus
1006 1865 1072 1909 ante
1091 1853 1137 1922 (iv.
1150 1855 1213 1923 668)
1228 1855 1336 1911 dixerat

183 1927 356 1996 Aethiopum
364 1927 487 1995 populos
496 1925 655 1995 Cepheaque
666 1927 802 1994 conspicit
812 1943 894 1979 aruo.
927 1925 1054 1978 Historia
1063 1934 1139 1978 extat
1149 1942 1191 1994 ap.
1203 1926 1336 1994 Apollod.

183 1996 210 2049 ii.
225 2011 249 2062 4.
264 2012 288 2063 3,
305 1999 373 2049 Met.
386 2015 412 2050 v.
429 2011 438 2049 1
455 2013 515 2065 sqq.
554 1998 629 2064 Hyg.
642 1995 677 2061 64
691 1996 820 2065 Cassiope
827 1996 912 2064 filiae
928 2012 995 2047 suae
1006 1995 1203 2049 Andromedae
1205 1996 1337 2065 sormam

183 2067 351 2120 Nereidibus
375 2068 542 2135 anteposuit.
578 2067 610 2120 ob
638 2067 672 2119 id
695 2067 846 2135 Neptunus
872 2065 1071 2135 expostulauit,
1096 2071 1130 2119 ut
1152 2066 1337 2119 Andromeda

185 2137 288 2206 Cephei
298 2137 368 2205 filia
389 2142 445 2189 ceto
466 2137 623 2190 obiceretur.
660 2152 815 2204 quaecum
839 2141 908 2188 esset
930 2135 1032 2188 obiecta
1056 2137 1174 2189 Perseus
1194 2137 1340 2190 Mercurii

182 2207 323 2260 talaribus
335 2207 436 2259 uolans
446 2223 476 2258 eo
488 2207 596 2259 dicitur
607 2208 715 2258 uenisse
725 2213 753 2259 et
764 2224 824 2258 eam
837 2207 966 2258 liberasse
977 2224 996 2258 a
1003 2207 1138 2275 periculo.
1174 2222 1260 2275 quam
1272 2224 1336 2259 cum
1389 2220 1392 2225 ’

183 2277 315 2330 abducere
331 2277 422 2343 uellet,
437 2276 560 2345 Cepheus
572 2280 660 2345 pater
675 2293 737 2328 cum
750 2277 888 2344 Agenore,
906 2277 988 2329 cuius
1004 2280 1107 2345 sponsa
1115 2277 1189 2346 fuit,
1201 2278 1336 2329 Perseum

183 2348 256 2401 clam
275 2348 427 2415 interficere
446 2347 603 2399 uoluerunt.
641 2346 691 2399 ille
708 2349 821 2416 cognita
840 2364 871 2399 re
888 2350 976 2415 caput
993 2347 1133 2416 Gorgonis
1150 2348 1190 2399 eis
1207 2348 1335 2415 ostendit,

183 2434 330 2485 omnesque
341 2416 375 2468 ab
387 2416 513 2469 humana
525 2418 613 2486 specie
623 2421 692 2469 ssent
703 2417 854 2482 informati
864 2418 895 2469 in
908 2432 1016 2469 sanum.
1043 2420 1167 2470 multos„
1195 2418 1236 2470 M.
1246 2435 1270 2471 v.
1283 2430 1334 2482 2ο7

130 2540 137 2553 ,
183 2488 311 2540 Nomina
335 2488 420 2557 longa
441 2503 521 2539 mora
539 2492 581 2540 est
598 2486 690 2539 media
710 2488 743 2539 de
759 2487 838 2557 plebe
858 2488 988 2540 uirorum
1008 2487 1115 2540 Dicere.
1151 2488 1205 2540 Bis
1224 2493 1336 2540 centum

183 2558 326 2611 restabant
342 2560 459 2625 corpora
472 2561 597 2628 pugnae.
629 2558 757 2627 Gorgone
774 2557 815 2611 bis
831 2564 941 2611 centum
959 2559 1112 2627 riguerunt
1127 2560 1244 2627 corpora
1262 2559 1335 2611 uisa.

184 2631 254 2682 555.
273 2630 470 2681 Potniadum.
505 2626 623 2681 Potniae
635 2627 702 2680 urbs
716 2627 859 2681 Boeotiae.
895 2627 1002 2680 Probus
1020 2627 1057 2680 ad
1075 2629 1158 2696 Verg.
1174 2628 1208 2682 G.
1221 2626 1259 2682 iii.
1272 2628 1334 2695 267,

184 2715 210 2767 p.
225 2699 258 2764 67
274 2698 338 2752 Keil
350 2699 457 2750 Potnio
469 2699 535 2751 urbs
546 2704 588 2751 est
598 2699 729 2751 Boeotiae
741 2697 790 2751 ubi
802 2698 928 2751 Glaucus
939 2698 1058 2767 Sisyphi
1060 2698 1146 2767 filius
1156 2702 1185 2750 et
1195 2698 1334 2767 Meropes,

184 2775 218 2822 ut
235 2769 414 2839 Asclepiades
433 2767 461 2820 in
479 2768 700 2840 Τραγῳδονμένων
717 2769 789 2821 libro
805 2768 903 2837 primo
920 2769 970 2835 ait,
987 2767 1087 2821 habuit
1097 2784 1274 2841 equasyquas
1285 2769 1335 2821 ad-
1414 2782 1417 2788 ·

182 2846 314 2892 sueuerat
333 2838 459 2891 humana
476 2856 559 2892 carne
578 2839 660 2906 alere,
678 2855 733 2907 quo
750 2840 882 2908 cupidius
899 2839 930 2890 in
948 2838 1052 2891 hostem
1070 2840 1213 2891 irruerent
1228 2843 1257 2891 et
1268 2841 1334 2907 per-

183 2911 323 2963 niciosius.
350 2911 444 2979 ipsum
456 2915 558 2976 autem,
576 2926 639 2962 cum
657 2910 793 2963 alimenta
810 2909 976 2976 defecissent,
994 2909 1204 2961 deuorauerunt
1214 2909 1245 2962 in
1257 2909 1335 2962 ludis

174 2981 345 3050 funebribus
363 2980 466 3035 Peliae.
503 2979 559 3033 Alii
581 2979 662 3032 aliter
682 2996 742 3033 rem
761 2988 875 3032 narrant
896 2980 970 3047 Hyg.
990 2990 1050 3046 250,
1064 2992 1123 3045 273,
1144 2979 1221 3032 Seru.
1241 2978 1279 3031 ad
1298 2980 1333 3033 G.

184 3049 222 3103 iii.
242 3051 302 3118 267,
325 3049 479 3118 Philargyr.
501 3050 577 3118 ibid,
598 3050 690 3104 Schol.
711 3051 777 3102 Eur.
799 3050 891 3103 Orest.
913 3063 987 3116 1124,
1008 3048 1163 3102 Pausanias
1181 3048 1217 3103 vi.
1236 3063 1279 3102 2ο.
1302 3064 1334 3118 19

184 3120 232 3173 ubi
253 3120 417 3189 Ταράξιππος
438 3120 607 3174 nominatur.
643 3118 777 3174 Aelianus
799 3121 836 3174 H.
855 3121 890 3173 A.
907 3138 950 3173 xv.
964 3131 997 3187 25
1017 3119 1102 3173 tradit
1121 3119 1229 3172 fontem
1247 3117 1334 3174 fuisse

185 3190 293 3244 Potniis
314 3208 397 3260 quem
418 3189 548 3244 bibentes
570 3189 634 3260 equi
656 3188 820 3244 insanirent.
903 3192 972 3243 556.
992 3192 1131 3243 Glaucus
1149 3194 1187 3242 ut
1207 3193 1295 3257 alter,
1318 3191 1333 3242 ό

184 3259 345 3326 Ἀνθηδόνιος
362 3260 481 3328 ἁλιενπης
501 3262 614 3330 (Athen.
634 3259 705 3329 679).
745 3262 790 3314 De
812 3276 847 3314 eo
867 3259 1004 3330 quidquid
1025 3269 1135 3313 ueteres
1157 3259 1333 3315 tradiderant

184 3331 296 3399 collegit
309 3332 472 3385 Athenaeus
486 3332 546 3399 296,
559 3344 618 3400 297.
657 3332 739 3385 Paus.
753 3330 787 3384 ix.
802 3345 843 3384 22.
858 3343 873 3397 7
887 3329 988 3384 Τούτων
1000 3330 1028 3383 τὲ
1041 3328 1072 3397 δίη
1084 3329 1143 3382 ἐστι
1155 3333 1186 3397 τῇ
1199 3328 1333 3397 Ἀνθηδόνι

183 3401 308 3471 μνήματα,
328 3403 369 3454 καὶ
389 3401 432 3455 ε’πὶ
453 3405 483 3469 τῇ
505 3401 628 3467 θαλάσσῃ
653 3400 808 3467 καλούμενον
829 3399 945 3453 Γλαύκου
968 3399 1080 3467 πήδημα.
1116 3396 1179 3453 εἶναι
1204 3399 1232 3452 δὲ
1256 3400 1334 3454 αὐτὸν

183 3472 265 3539 ἁλιέα,
284 3471 324 3525 καὶ
343 3472 399 3525 ἐπεὶ
416 3473 461 3539 τῆς
477 3473 542 3527 πόας
561 3471 689 3539 (herbam
702 3471 769 3526 dicit
789 3471 867 3525 cuius
885 3480 968 3539 gustu
981 3469 1221 3524 immortalitatem
1234 3487 1332 3526 conse·

183 3551 264 3596 cutus
283 3551 326 3596 est
346 3543 477 3610 Glaucus,
497 3542 530 3596 cf.
550 3543 652 3596 Aesch.
669 3543 700 3595 ir.
720 3541 819 3595 Glauci
833 3555 866 3608 27
885 3541 995 3608 Nauck,
1013 3542 1115 3594 Athen.
1129 3541 1190 3609 679,
1203 3542 1330 3609 Apostol.

183 3630 209 3666 v.
225 3626 269 3680 49,
289 3611 372 3667 Ouid.
393 3614 432 3665 M.
450 3611 506 3666 xiii.
524 3625 584 3683 905,
602 3629 672 3682 sqq,
692 3613 806 3666 Lobeck
823 3612 886 3680 Agl.
906 3628 933 3680 p.
953 3611 1013 3678 866,
1034 3610 1166 3665 Meineke
1184 3611 1266 3664 Anal.
1285 3613 1331 3666 Al.

183 3699 210 3751 p.
233 3683 296 3751 238)
316 3684 408 3752 ἔφαγε,
433 3682 539 3752 δαίμονα
560 3684 587 3735 ἐν
609 3683 731 3749 θαλάσση
753 3682 874 3754 γενέσθαι
895 3681 936 3734 καὶ
957 3680 1100 3752 ἀνθρώποις
1120 3682 1152 3734 τὰ
1172 3681 1283 3747 ἐσόμενα
1305 3682 1333 3736 e's

181 3752 242 3805 πόδε
254 3753 392 3822 προλέγειν
405 3750 430 3804 οἵ
440 3774 468 3805 τε
480 3754 557 3806 ἄλλοι
569 3754 650 3806 πιστὰ
663 3753 775 3822 ἥγηνται,
789 3754 829 3806 καὶ
841 3753 865 3805 ol
877 3752 922 3818 τὴν
935 3752 1073 3805 θάλασσαν
1084 3752 1208 3806 πλέοντες
1218 3753 1333 3805 πλεῖστα

182 3822 322 3888 ἀνθρώπων
347 3822 374 3876 ἐς
397 3823 442 3889 τὴν
466 3821 582 3875 Γλαύκου
604 3823 725 3892 μαντικὴν
749 3824 812 3875 κατὰ
835 3822 892 3877 ἔτος
915 3821 1025 3876 ἕκαστον
1049 3820 1167 3890 λέγουσι.
1214 3820 1332 3890 Scripsit

181 3892 358 3960 tragoediam
376 3892 411 3946 de
431 3893 484 3946 hoc
507 3894 616 3947 Glauco
637 3894 802 3962 Aeschylus,
824 3894 945 3961 hymnos
966 3893 1113 3946 Euanthes
1135 3900 1163 3946 et
1184 3891 1332 3960 PindaruS,

182 3979 251 4030 epos
273 3962 433 4015 Alexander
450 3964 576 4031 Aetolus,
596 3963 675 4017 cuius
694 3965 792 4032 fragm.
814 3973 890 4018 extat
912 3980 955 4032 ap.
979 3964 1082 4017 Athen.
1105 3963 1164 4030 296.
1262 3965 1330 4017 557.

181 4049 305 4085 nomen.
343 4033 451 4085 Glauco
466 4033 570 4087 Minois
587 4034 653 4102 filio,
666 4033 713 4104 qui
732 4034 825 4088 infans
844 4033 1017 4087 adhucdum
1034 4049 1143 4086 murem
1155 4031 1332 4112 persequitur

183 4101 326 4172 (Apollod.
341 4101 377 4155 iii.
391 4117 416 4170 3.
434 4104 458 4172 1)
476 4105 520 4158 uel
538 4104 596 4173 pila
614 4105 684 4158 ludit
704 4105 791 4173 (Hyg.
809 4103 868 4172 136)
888 4103 916 4157 in
936 4103 1042 4157 dolium
1061 4103 1152 4156 mellis
1171 4101 1282 4170 cecidst,
1302 4112 1330 4156 et

182 4173 223 4226 sic
236 4172 390 4226 exstinctus
403 4183 455 4229 est.
493 4177 578 4228 Hunc
598 4175 731 4243 Polyidus
750 4185 839 4240 uates,
858 4183 1042 4228 monumento
1061 4190 1126 4226 cum
1143 4189 1179 4227 eo
1197 4172 1330 4241 inclusus,

182 4260 247 4297 cum
270 4242 395 4296 occisum
417 4261 539 4312 anguem
561 4255 725 4299 reuocatum
743 4246 781 4299 ad
800 4245 888 4300 uitam
910 4245 947 4298 ab
969 4244 1024 4297 alio
1044 4244 1162 4298 herbam
1185 4242 1341 4300 adferente.

181 4314 308 4382 uidisset,
331 4314 432 4367 eadem
454 4332 521 4368 usus
542 4316 631 4369 herba
652 4315 820 4369 reuiuiscere
842 4313 917 4368 lecit.
955 4314 1127 4368 Claudianus
1147 4315 1179 4367 B.
1201 4314 1265 4366 Get.
1278 4327 1330 4382 443

181 4386 324 4454 Cretaque,
337 4386 365 4438 si
375 4401 466 4438 ueron
476 4392 617 4439 narratur
617 4387 731 4456 sabula,
744 4387 820 4440 uidit
830 4387 964 4438 Minoum
979 4389 1064 4455 rupto
1076 4389 1201 4455 puerum
1213 4384 1332 4454 prodire

178 4457 312 4526 sepulcro,
328 4455 415 4525 Quem
428 4458 523 4510 senior
532 4463 611 4511 uates
622 4459 721 4510 auium
738 4458 868 4528 clangore
882 4460 1022 4528 repertum
1039 4456 1175 4510 Gramim
1186 4455 1333 4521 restituit,-
