<?xml version="1.0" encoding="UTF-8"?>
<!DOCTYPE html PUBLIC "-//W3C//DTD XHTML 1.0 Transitional//EN"
    "http://www.w3.org/TR/xhtml1/DTD/xhtml1-transitional.dtd">
<html xmlns="http://www.w3.org/1999/xhtml" xml:lang="en" lang="en">
 <head>
  <title>
</title>
<meta http-equiv="Content-Type" content="text/html;charset=utf-8" />
  <meta name='ocr-system' content='tesseract 3.04.00' />
  <meta name='ocr-capabilities' content='ocr_page ocr_carea ocr_par ocr_line ocrx_word'/>
</head>
<body>
  <div class='ocr_page' id='page_1' title='image "./povidiinasonisi00elligoog_0037.png"; bbox 0 0 3038 5010; ppageno 0'>
   <div class='ocr_carea' id='block_1_1' title="bbox 229 385 971 447">
    <p class='ocr_par' dir='ltr' id='par_1_1' title="bbox 229 385 971 447">
     <span class='ocr_line' id='line_1_1' title="bbox 229 385 971 447; baseline -0.003 -1"><span class='ocrx_word' id='word_1_1' title='bbox 229 387 318 446; x_wconf 84' lang='lat' dir='ltr'><strong>xxxiv</strong></span> <span class='ocrx_word' id='word_1_2' title='bbox 645 385 971 447; x_wconf 89' lang='lat' dir='ltr'>PROLEGOMENA.</span> 
     </span>
    </p>
   </div>
   <div class='ocr_carea' id='block_1_2' title="bbox 229 543 1386 4515">
    <p class='ocr_par' dir='ltr' id='par_1_2' title="bbox 229 543 1383 3606">
     <span class='ocr_line' id='line_1_2' title="bbox 256 543 1379 621; baseline -0.004 -14"><span class='ocrx_word' id='word_1_3' title='bbox 256 543 330 607; x_wconf 94' lang='lat' dir='ltr'>.Hic</span> <span class='ocrx_word' id='word_1_4' title='bbox 344 561 446 603; x_wconf 90' lang='lat' dir='ltr'>uersus</span> <span class='ocrx_word' id='word_1_5' title='bbox 462 547 559 619; x_wconf 86' lang='lat' dir='ltr'>59-6a</span> <span class='ocrx_word' id='word_1_6' title='bbox 576 544 769 604; x_wconf 89' lang='lat' dir='ltr'>Schneiderus</span> <span class='ocrx_word' id='word_1_7' title='bbox 788 563 856 604; x_wconf 91' lang='lat' dir='ltr'>cum</span> <span class='ocrx_word' id='word_1_8' title='bbox 876 547 992 621; x_wconf 87' lang='lat' dir='ltr'>reliquis</span> <span class='ocrx_word' id='word_1_9' title='bbox 1011 546 1049 604; x_wconf 89' lang='lat' dir='ltr'>ita</span> <span class='ocrx_word' id='word_1_10' title='bbox 1064 545 1156 604; x_wconf 90' lang='lat' dir='ltr'>credit</span> <span class='ocrx_word' id='word_1_11' title='bbox 1171 562 1303 604; x_wconf 90' lang='lat' dir='ltr'>conexos</span> <span class='ocrx_word' id='word_1_12' title='bbox 1318 562 1379 603; x_wconf 90' lang='lat' dir='ltr'>uon</span> 
     </span>
     <span class='ocr_line' id='line_1_3' title="bbox 229 625 1380 702; baseline 0 -17"><span class='ocrx_word' id='word_1_13' title='bbox 229 635 261 685; x_wconf 92' lang='lat' dir='ltr'>ut</span> <span class='ocrx_word' id='word_1_14' title='bbox 285 628 316 684; x_wconf 93' lang='lat' dir='ltr'>in</span> <span class='ocrx_word' id='word_1_15' title='bbox 337 625 420 685; x_wconf 88' lang='lat' dir='ltr'>Ibide</span> <span class='ocrx_word' id='word_1_16' title='bbox 441 625 640 684; x_wconf 86' lang='lat' dir='ltr'>Callimachea</span> <span class='ocrx_word' id='word_1_17' title='bbox 663 625 766 684; x_wconf 86' lang='lat' dir='ltr'>suerint</span> <span class='ocrx_word' id='word_1_18' title='bbox 789 646 880 684; x_wconf 79' lang='lat' dir='ltr'>caecae</span> <span class='ocrx_word' id='word_1_19' title='bbox 902 628 1033 685; x_wconf 79' lang='lat' dir='ltr'><em>historiae</em></span> <span class='ocrx_word' id='word_1_20' title='bbox 1057 626 1110 686; x_wconf 92' lang='lat' dir='ltr'>sed</span> <span class='ocrx_word' id='word_1_21' title='bbox 1132 638 1164 685; x_wconf 95' lang='lat' dir='ltr'>ut</span> <span class='ocrx_word' id='word_1_22' title='bbox 1188 628 1330 702; x_wconf 83' lang='lat' dir='ltr'>ambages</span> <span class='ocrx_word' id='word_1_23' title='bbox 1351 637 1380 685; x_wconf 90' lang='lat' dir='ltr'>et</span> 
     </span>
     <span class='ocr_line' id='line_1_4' title="bbox 229 706 1380 783; baseline 0 -17"><span class='ocrx_word' id='word_1_24' title='bbox 229 708 436 766; x_wconf 86' lang='lat' dir='ltr'>obscuritatem</span> <span class='ocrx_word' id='word_1_25' title='bbox 450 724 523 783; x_wconf 92' lang='lat' dir='ltr'>quas</span> <span class='ocrx_word' id='word_1_26' title='bbox 541 706 587 765; x_wconf 94' lang='lat' dir='ltr'>ille</span> <span class='ocrx_word' id='word_1_27' title='bbox 605 707 636 765; x_wconf 92' lang='lat' dir='ltr'>in</span> <span class='ocrx_word' id='word_1_28' title='bbox 655 708 830 766; x_wconf 83' lang='lat' dir='ltr'>carminibus</span> <span class='ocrx_word' id='word_1_29' title='bbox 845 709 911 767; x_wconf 93' lang='lat' dir='ltr'>alibi</span> <span class='ocrx_word' id='word_1_30' title='bbox 931 708 1126 779; x_wconf 86' lang='lat' dir='ltr'>adfectauerit,</span> <span class='ocrx_word' id='word_1_31' title='bbox 1142 708 1266 769; x_wconf 91' lang='lat' dir='ltr'>Ouidius</span> <span class='ocrx_word' id='word_1_32' title='bbox 1280 710 1310 766; x_wconf 94' lang='lat' dir='ltr'>in</span> <span class='ocrx_word' id='word_1_33' title='bbox 1326 725 1380 766; x_wconf 91' lang='lat' dir='ltr'>sua</span> 
     </span>
     <span class='ocr_line' id='line_1_5' title="bbox 230 788 1380 866; baseline 0 -20"><span class='ocrx_word' id='word_1_34' title='bbox 230 788 314 847; x_wconf 88' lang='lat' dir='ltr'>Ibide</span> <span class='ocrx_word' id='word_1_35' title='bbox 332 789 460 846; x_wconf 90' lang='lat' dir='ltr'>imitatus</span> <span class='ocrx_word' id='word_1_36' title='bbox 480 789 525 846; x_wconf 88' lang='lat' dir='ltr'>sit.</span> <span class='ocrx_word' id='word_1_37' title='bbox 567 789 659 860; x_wconf 88' lang='lat' dir='ltr'>Quasi</span> <span class='ocrx_word' id='word_1_38' title='bbox 679 806 749 847; x_wconf 88' lang='lat' dir='ltr'>uero</span> <span class='ocrx_word' id='word_1_39' title='bbox 768 789 839 847; x_wconf 91' lang='lat' dir='ltr'>boni</span> <span class='ocrx_word' id='word_1_40' title='bbox 860 800 965 866; x_wconf 89' lang='lat' dir='ltr'>poetae</span> <span class='ocrx_word' id='word_1_41' title='bbox 985 800 1060 848; x_wconf 90' lang='lat' dir='ltr'>esset</span> <span class='ocrx_word' id='word_1_42' title='bbox 1082 798 1239 866; x_wconf 85' lang='lat' dir='ltr'>postquam</span> <span class='ocrx_word' id='word_1_43' title='bbox 1259 789 1380 848; x_wconf 82' lang='lat' dir='ltr'>dixisset</span> 
     </span>
     <span class='ocr_line' id='line_1_6' title="bbox 230 869 1379 946; baseline -0.001 -18"><span class='ocrx_word' id='word_1_44' title='bbox 230 869 337 929; x_wconf 89' lang='lat' dir='ltr'>eodem</span> <span class='ocrx_word' id='word_1_45' title='bbox 356 887 387 927; x_wconf 92' lang='lat' dir='ltr'>se</span> <span class='ocrx_word' id='word_1_46' title='bbox 401 869 492 927; x_wconf 92' lang='lat' dir='ltr'>modo</span> <span class='ocrx_word' id='word_1_47' title='bbox 509 869 681 928; x_wconf 90' lang='lat' dir='ltr'>deuoturum</span> <span class='ocrx_word' id='word_1_48' title='bbox 702 870 852 928; x_wconf 91' lang='lat' dir='ltr'>inimicum</span> <span class='ocrx_word' id='word_1_49' title='bbox 866 889 925 946; x_wconf 92' lang='lat' dir='ltr'>quo</span> <span class='ocrx_word' id='word_1_50' title='bbox 940 871 1007 928; x_wconf 88' lang='lat' dir='ltr'>Ibin</span> <span class='ocrx_word' id='word_1_51' title='bbox 1022 870 1226 941; x_wconf 86' lang='lat' dir='ltr'>Callimachus,</span> <span class='ocrx_word' id='word_1_52' title='bbox 1240 870 1270 928; x_wconf 93' lang='lat' dir='ltr'>id</span> <span class='ocrx_word' id='word_1_53' title='bbox 1284 887 1379 946; x_wconf 90' lang='lat' dir='ltr'>genus</span> 
     </span>
     <span class='ocr_line' id='line_1_7' title="bbox 230 949 1379 1026; baseline 0.001 -17"><span class='ocrx_word' id='word_1_54' title='bbox 230 969 326 1009; x_wconf 88' lang='lat' dir='ltr'>rerum</span> <span class='ocrx_word' id='word_1_55' title='bbox 347 949 501 1008; x_wconf 89' lang='lat' dir='ltr'>adnectere</span> <span class='ocrx_word' id='word_1_56' title='bbox 522 951 603 1026; x_wconf 95' lang='lat' dir='ltr'>quod</span> <span class='ocrx_word' id='word_1_57' title='bbox 623 951 652 1008; x_wconf 82' lang='lat' dir='ltr'>In</span> <span class='ocrx_word' id='word_1_58' title='bbox 674 952 743 1009; x_wconf 81' lang='lat' dir='ltr'>aliis</span> <span class='ocrx_word' id='word_1_59' title='bbox 761 953 936 1010; x_wconf 85' lang='lat' dir='ltr'>carminibus</span> <span class='ocrx_word' id='word_1_60' title='bbox 957 951 1136 1022; x_wconf 81' lang='lat' dir='ltr'>Callimachi,</span> <span class='ocrx_word' id='word_1_61' title='bbox 1158 970 1219 1010; x_wconf 91' lang='lat' dir='ltr'>nou</span> <span class='ocrx_word' id='word_1_62' title='bbox 1241 953 1272 1009; x_wconf 91' lang='lat' dir='ltr'>in</span> <span class='ocrx_word' id='word_1_63' title='bbox 1294 951 1379 1010; x_wconf 91' lang='lat' dir='ltr'>Ibide</span> 
     </span>
     <span class='ocr_line' id='line_1_8' title="bbox 230 1030 1378 1109; baseline -0.002 -19"><span class='ocrx_word' id='word_1_64' title='bbox 230 1041 315 1090; x_wconf 91' lang='lat' dir='ltr'>esset.</span> <span class='ocrx_word' id='word_1_65' title='bbox 357 1030 462 1089; x_wconf 85' lang='lat' dir='ltr'>Talem</span> <span class='ocrx_word' id='word_1_66' title='bbox 476 1049 585 1089; x_wconf 89' lang='lat' dir='ltr'>nexum</span> <span class='ocrx_word' id='word_1_67' title='bbox 600 1049 661 1090; x_wconf 91' lang='lat' dir='ltr'>uon</span> <span class='ocrx_word' id='word_1_68' title='bbox 673 1031 835 1091; x_wconf 90' lang='lat' dir='ltr'>Ouidianus</span> <span class='ocrx_word' id='word_1_69' title='bbox 851 1032 946 1091; x_wconf 92' lang='lat' dir='ltr'>solum</span> <span class='ocrx_word' id='word_1_70' title='bbox 960 1033 1050 1108; x_wconf 89' lang='lat' dir='ltr'>stylus</span> <span class='ocrx_word' id='word_1_71' title='bbox 1066 1043 1152 1109; x_wconf 88' lang='lat' dir='ltr'>atque</span> <span class='ocrx_word' id='word_1_72' title='bbox 1167 1033 1240 1091; x_wconf 92' lang='lat' dir='ltr'>ordo</span> <span class='ocrx_word' id='word_1_73' title='bbox 1252 1031 1378 1102; x_wconf 90' lang='lat' dir='ltr'>dicendi,</span> 
     </span>
     <span class='ocr_line' id='line_1_9' title="bbox 231 1113 1379 1189; baseline -0.003 -17"><span class='ocrx_word' id='word_1_74' title='bbox 231 1113 284 1172; x_wconf 93' lang='lat' dir='ltr'>sed</span> <span class='ocrx_word' id='word_1_75' title='bbox 311 1114 376 1189; x_wconf 91' lang='lat' dir='ltr'>ipsa</span> <span class='ocrx_word' id='word_1_76' title='bbox 402 1113 460 1171; x_wconf 90' lang='lat' dir='ltr'>loci</span> <span class='ocrx_word' id='word_1_77' title='bbox 487 1114 630 1170; x_wconf 91' lang='lat' dir='ltr'>sententia</span> <span class='ocrx_word' id='word_1_78' title='bbox 653 1114 769 1189; x_wconf 92' lang='lat' dir='ltr'>respuit.</span> <span class='ocrx_word' id='word_1_79' title='bbox 823 1113 892 1184; x_wconf 90' lang='lat' dir='ltr'>Quo</span> <span class='ocrx_word' id='word_1_80' title='bbox 917 1115 996 1172; x_wconf 91' lang='lat' dir='ltr'>enim</span> <span class='ocrx_word' id='word_1_81' title='bbox 1025 1113 1115 1172; x_wconf 93' lang='lat' dir='ltr'>modo</span> <span class='ocrx_word' id='word_1_82' title='bbox 1141 1114 1288 1173; x_wconf 86' lang='lat' dir='ltr'>Battiades</span> <span class='ocrx_word' id='word_1_83' title='bbox 1312 1113 1379 1172; x_wconf 90' lang='lat' dir='ltr'>Ibin</span> 
     </span>
     <span class='ocr_line' id='line_1_10' title="bbox 231 1193 1379 1272; baseline -0.002 -19"><span class='ocrx_word' id='word_1_84' title='bbox 231 1195 370 1254; x_wconf 84' lang='lat' dir='ltr'>deuouit?</span> <span class='ocrx_word' id='word_1_85' title='bbox 413 1193 530 1269; x_wconf 92' lang='lat' dir='ltr'>Nempe</span> <span class='ocrx_word' id='word_1_86' title='bbox 552 1194 677 1252; x_wconf 71' lang='lat' dir='ltr'>tet-torm</span> <span class='ocrx_word' id='word_1_87' title='bbox 701 1197 794 1264; x_wconf 72' lang='lat' dir='ltr'>coacti,</span> <span class='ocrx_word' id='word_1_88' title='bbox 817 1213 869 1270; x_wconf 93' lang='lat' dir='ltr'>per</span> <span class='ocrx_word' id='word_1_89' title='bbox 891 1196 1030 1271; x_wconf 82' lang='lat' dir='ltr'>ambages</span> <span class='ocrx_word' id='word_1_90' title='bbox 1052 1205 1081 1253; x_wconf 92' lang='lat' dir='ltr'>et</span> <span class='ocrx_word' id='word_1_91' title='bbox 1105 1195 1271 1272; x_wconf 89' lang='lat' dir='ltr'>aenigmata</span> <span class='ocrx_word' id='word_1_92' title='bbox 1295 1194 1379 1252; x_wconf 88' lang='lat' dir='ltr'>fabu-</span> 
     </span>
     <span class='ocr_line' id='line_1_11' title="bbox 230 1274 1378 1352; baseline -0.002 -18"><span class='ocrx_word' id='word_1_93' title='bbox 230 1276 331 1335; x_wconf 89' lang='lat' dir='ltr'>larum.</span> <span class='ocrx_word' id='word_1_94' title='bbox 365 1274 449 1348; x_wconf 88' lang='lat' dir='ltr'>Quae</span> <span class='ocrx_word' id='word_1_95' title='bbox 459 1284 491 1332; x_wconf 91' lang='lat' dir='ltr'>ut</span> <span class='ocrx_word' id='word_1_96' title='bbox 506 1292 566 1333; x_wconf 90' lang='lat' dir='ltr'>non</span> <span class='ocrx_word' id='word_1_97' title='bbox 581 1277 679 1350; x_wconf 86' lang='lat' dir='ltr'>magni</span> <span class='ocrx_word' id='word_1_98' title='bbox 694 1276 819 1334; x_wconf 86' lang='lat' dir='ltr'>ambitus</span> <span class='ocrx_word' id='word_1_99' title='bbox 829 1276 859 1333; x_wconf 93' lang='lat' dir='ltr'>in</span> <span class='ocrx_word' id='word_1_100' title='bbox 871 1277 978 1352; x_wconf 92' lang='lat' dir='ltr'>exiguo</span> <span class='ocrx_word' id='word_1_101' title='bbox 989 1275 1085 1334; x_wconf 94' lang='lat' dir='ltr'>libello</span> <span class='ocrx_word' id='word_1_102' title='bbox 1096 1275 1185 1335; x_wconf 86' lang='lat' dir='ltr'>fuisse</span> <span class='ocrx_word' id='word_1_103' title='bbox 1197 1277 1378 1351; x_wconf 80' lang='lat' dir='ltr'>coIIIgantur‚</span> 
     </span>
     <span class='ocr_line' id='line_1_12' title="bbox 230 1355 1379 1434; baseline 0.001 -19"><span class='ocrx_word' id='word_1_104' title='bbox 230 1357 354 1415; x_wconf 86' lang='lat' dir='ltr'>omniuo</span> <span class='ocrx_word' id='word_1_105' title='bbox 368 1366 445 1414; x_wconf 91' lang='lat' dir='ltr'>certe</span> <span class='ocrx_word' id='word_1_106' title='bbox 459 1358 561 1414; x_wconf 91' lang='lat' dir='ltr'>abesse</span> <span class='ocrx_word' id='word_1_107' title='bbox 578 1374 640 1414; x_wconf 92' lang='lat' dir='ltr'>non</span> <span class='ocrx_word' id='word_1_108' title='bbox 659 1365 801 1432; x_wconf 88' lang='lat' dir='ltr'>poterant.</span> <span class='ocrx_word' id='word_1_109' title='bbox 846 1355 950 1434; x_wconf 91' lang='lat' dir='ltr'>Neque</span> <span class='ocrx_word' id='word_1_110' title='bbox 965 1357 1045 1415; x_wconf 92' lang='lat' dir='ltr'>aliter</span> <span class='ocrx_word' id='word_1_111' title='bbox 1058 1357 1157 1416; x_wconf 91' lang='lat' dir='ltr'>locum</span> <span class='ocrx_word' id='word_1_112' title='bbox 1176 1358 1379 1433; x_wconf 92' lang='lat' dir='ltr'>interpretatus</span> 
     </span>
     <span class='ocr_line' id='line_1_13' title="bbox 230 1437 1379 1514; baseline -0.002 -18"><span class='ocrx_word' id='word_1_113' title='bbox 230 1448 276 1497; x_wconf 89' lang='lat' dir='ltr'>est</span> <span class='ocrx_word' id='word_1_114' title='bbox 297 1438 444 1497; x_wconf 89' lang='lat' dir='ltr'>Bentleius</span> <span class='ocrx_word' id='word_1_115' title='bbox 465 1455 500 1496; x_wconf 92' lang='lat' dir='ltr'>ac</span> <span class='ocrx_word' id='word_1_116' title='bbox 522 1438 609 1495; x_wconf 92' lang='lat' dir='ltr'>ceteri</span> <span class='ocrx_word' id='word_1_117' title='bbox 630 1448 742 1514; x_wconf 91' lang='lat' dir='ltr'>praeter</span> <span class='ocrx_word' id='word_1_118' title='bbox 761 1437 935 1497; x_wconf 91' lang='lat' dir='ltr'>Couatium:</span> <span class='ocrx_word' id='word_1_119' title='bbox 967 1447 1069 1514; x_wconf 91' lang='lat' dir='ltr'>estque</span> <span class='ocrx_word' id='word_1_120' title='bbox 1091 1457 1137 1497; x_wconf 91' lang='lat' dir='ltr'>res</span> <span class='ocrx_word' id='word_1_121' title='bbox 1158 1439 1379 1514; x_wconf 87' lang='lat' dir='ltr'>simplicIssima,</span> 
     </span>
     <span class='ocr_line' id='line_1_14' title="bbox 230 1518 1378 1595; baseline -0.001 -17"><span class='ocrx_word' id='word_1_122' title='bbox 230 1536 287 1578; x_wconf 92' lang='lat' dir='ltr'>nec</span> <span class='ocrx_word' id='word_1_123' title='bbox 305 1537 380 1595; x_wconf 88' lang='lat' dir='ltr'>quae</span> <span class='ocrx_word' id='word_1_124' title='bbox 399 1519 463 1577; x_wconf 90' lang='lat' dir='ltr'>ullis</span> <span class='ocrx_word' id='word_1_125' title='bbox 482 1519 624 1577; x_wconf 92' lang='lat' dir='ltr'>machinis</span> <span class='ocrx_word' id='word_1_126' title='bbox 643 1519 681 1578; x_wconf 92' lang='lat' dir='ltr'>ad</span> <span class='ocrx_word' id='word_1_127' title='bbox 703 1519 732 1576; x_wconf 94' lang='lat' dir='ltr'>id</span> <span class='ocrx_word' id='word_1_128' title='bbox 751 1518 954 1595; x_wconf 89' lang='lat' dir='ltr'>detorqueatur</span> <span class='ocrx_word' id='word_1_129' title='bbox 971 1521 1053 1595; x_wconf 93' lang='lat' dir='ltr'>quod</span> <span class='ocrx_word' id='word_1_130' title='bbox 1068 1518 1261 1578; x_wconf 89' lang='lat' dir='ltr'>Schneiderus</span> <span class='ocrx_word' id='word_1_131' title='bbox 1280 1518 1378 1578; x_wconf 87' lang='lat' dir='ltr'>uoluit.</span> 
     </span>
     <span class='ocr_line' id='line_1_15' title="bbox 230 1600 1380 1677; baseline -0.002 -18"><span class='ocrx_word' id='word_1_132' title='bbox 230 1600 312 1674; x_wconf 87' lang='lat' dir='ltr'>Quid</span> <span class='ocrx_word' id='word_1_133' title='bbox 329 1600 409 1677; x_wconf 92' lang='lat' dir='ltr'>quod</span> <span class='ocrx_word' id='word_1_134' title='bbox 429 1600 548 1675; x_wconf 91' lang='lat' dir='ltr'>singulis</span> <span class='ocrx_word' id='word_1_135' title='bbox 565 1600 693 1658; x_wconf 88' lang='lat' dir='ltr'>distichis</span> <span class='ocrx_word' id='word_1_136' title='bbox 709 1603 798 1674; x_wconf 85' lang='lat'><strong>57-8‚</strong></span> <span class='ocrx_word' id='word_1_137' title='bbox 815 1604 923 1676; x_wconf 87' lang='lat'>59-60,</span> <span class='ocrx_word' id='word_1_138' title='bbox 939 1604 1027 1671; x_wconf 85' lang='lat' dir='ltr'>61-a‚</span> <span class='ocrx_word' id='word_1_139' title='bbox 1045 1603 1133 1674; x_wconf 78' lang='lat'>63-4,</span> <span class='ocrx_word' id='word_1_140' title='bbox 1148 1601 1215 1659; x_wconf 91' lang='lat' dir='ltr'>Ibin</span> <span class='ocrx_word' id='word_1_141' title='bbox 1234 1617 1380 1676; x_wconf 90' lang='lat' dir='ltr'>nusquam</span> 
     </span>
     <span class='ocr_line' id='line_1_16' title="bbox 230 1680 1379 1760; baseline -0.001 -21"><span class='ocrx_word' id='word_1_142' title='bbox 230 1682 325 1752; x_wconf 90' lang='lat' dir='ltr'>mittit,</span> <span class='ocrx_word' id='word_1_143' title='bbox 344 1684 381 1741; x_wconf 91' lang='lat' dir='ltr'>ab</span> <span class='ocrx_word' id='word_1_144' title='bbox 401 1680 484 1740; x_wconf 90' lang='lat' dir='ltr'>Ibide</span> <span class='ocrx_word' id='word_1_145' title='bbox 499 1680 696 1740; x_wconf 90' lang='lat' dir='ltr'>Callimachea</span> <span class='ocrx_word' id='word_1_146' title='bbox 714 1681 752 1740; x_wconf 95' lang='lat' dir='ltr'>ad</span> <span class='ocrx_word' id='word_1_147' title='bbox 773 1700 857 1740; x_wconf 91' lang='lat' dir='ltr'>suam</span> <span class='ocrx_word' id='word_1_148' title='bbox 872 1682 937 1760; x_wconf 86' lang='lat'>(69)</span> <span class='ocrx_word' id='word_1_149' title='bbox 955 1683 1144 1758; x_wconf 83' lang='lat' dir='ltr'>progreditur,</span> <span class='ocrx_word' id='word_1_150' title='bbox 1163 1682 1379 1752; x_wconf 86' lang='lat' dir='ltr'>obscuritatem,</span> 
     </span>
     <span class='ocr_line' id='line_1_17' title="bbox 230 1761 1381 1838; baseline -0.002 -16"><span class='ocrx_word' id='word_1_151' title='bbox 230 1781 341 1822; x_wconf 88' lang='lat' dir='ltr'>nomen</span> <span class='ocrx_word' id='word_1_152' title='bbox 356 1762 568 1822; x_wconf 91' lang='lat' dir='ltr'>Callimacheae</span> <span class='ocrx_word' id='word_1_153' title='bbox 582 1761 673 1821; x_wconf 92' lang='lat' dir='ltr'>Ibidis</span> <span class='ocrx_word' id='word_1_154' title='bbox 687 1763 717 1820; x_wconf 92' lang='lat' dir='ltr'>in</span> <span class='ocrx_word' id='word_1_155' title='bbox 735 1781 822 1821; x_wconf 90' lang='lat' dir='ltr'>suum</span> <span class='ocrx_word' id='word_1_156' title='bbox 839 1764 991 1822; x_wconf 93' lang='lat' dir='ltr'>inimicum</span> <span class='ocrx_word' id='word_1_157' title='bbox 1006 1764 1156 1821; x_wconf 92' lang='lat' dir='ltr'>conuertit.</span> <span class='ocrx_word' id='word_1_158' title='bbox 1199 1762 1283 1821; x_wconf 93' lang='lat' dir='ltr'>Idem</span> <span class='ocrx_word' id='word_1_159' title='bbox 1302 1771 1381 1838; x_wconf 89' lang='lat' dir='ltr'>patet</span> 
     </span>
     <span class='ocr_line' id='line_1_18' title="bbox 231 1842 1381 1920; baseline -0.003 -18"><span class='ocrx_word' id='word_1_160' title='bbox 231 1854 261 1903; x_wconf 91' lang='lat' dir='ltr'>et</span> <span class='ocrx_word' id='word_1_161' title='bbox 288 1862 325 1902; x_wconf 92' lang='lat' dir='ltr'>ex</span> <span class='ocrx_word' id='word_1_162' title='bbox 353 1845 448 1902; x_wconf 84' lang='lat' dir='ltr'>uerbIs</span> <span class='ocrx_word' id='word_1_163' title='bbox 478 1843 593 1902; x_wconf 89' lang='lat' dir='ltr'>Suidae.</span> <span class='ocrx_word' id='word_1_164' title='bbox 646 1842 725 1901; x_wconf 88' lang='lat' dir='ltr'>Nam</span> <span class='ocrx_word' id='word_1_165' title='bbox 752 1845 776 1902; x_wconf 91' lang='lat' dir='ltr'>si</span> <span class='ocrx_word' id='word_1_166' title='bbox 804 1844 862 1903; x_wconf 92' lang='lat' dir='ltr'>hoc</span> <span class='ocrx_word' id='word_1_167' title='bbox 890 1853 963 1903; x_wconf 90' lang='lat' dir='ltr'>teste</span> <span class='ocrx_word' id='word_1_168' title='bbox 991 1845 1051 1902; x_wconf 92' lang='lat' dir='ltr'>Ibis</span> <span class='ocrx_word' id='word_1_169' title='bbox 1082 1862 1189 1920; x_wconf 88' lang='lat' dir='ltr'>poema</span> <span class='ocrx_word' id='word_1_170' title='bbox 1217 1843 1270 1902; x_wconf 88' lang='lat' dir='ltr'>fuit</span> <span class='ocrx_word' id='word_1_171' title='bbox 1298 1847 1381 1900; x_wconf 70' lang='grc' dir='ltr'>ἐπιτε-</span> 
     </span>
     <span class='ocr_line' id='line_1_19' title="bbox 231 1925 1382 2001; baseline 0.002 -20"><span class='ocrx_word' id='word_1_172' title='bbox 231 1927 380 1996; x_wconf 73' lang='grc' dir='ltr'>τηδευμένον</span> <span class='ocrx_word' id='word_1_173' title='bbox 400 1928 435 1983; x_wconf 76' lang='grc' dir='ltr'>εἰς</span> <span class='ocrx_word' id='word_1_174' title='bbox 455 1926 585 1998; x_wconf 78' lang='grc' dir='ltr'>ἀσάφειαν</span> <span class='ocrx_word' id='word_1_175' title='bbox 603 1926 643 1980; x_wconf 81' lang='grc' dir='ltr'>καὶ</span> <span class='ocrx_word' id='word_1_176' title='bbox 661 1928 798 1997; x_wconf 80' lang='grc' dir='ltr'>λοιδορίαν,</span> <span class='ocrx_word' id='word_1_177' title='bbox 814 1942 884 1984; x_wconf 90' lang='lat' dir='ltr'>uero</span> <span class='ocrx_word' id='word_1_178' title='bbox 903 1925 996 1984; x_wconf 92' lang='lat' dir='ltr'>simile</span> <span class='ocrx_word' id='word_1_179' title='bbox 1017 1935 1061 1984; x_wconf 92' lang='lat' dir='ltr'>est</span> <span class='ocrx_word' id='word_1_180' title='bbox 1082 1944 1144 1984; x_wconf 91' lang='lat' dir='ltr'>uon</span> <span class='ocrx_word' id='word_1_181' title='bbox 1165 1925 1382 2001; x_wconf 87' lang='lat' dir='ltr'>epigrammatis</span> 
     </span>
     <span class='ocr_line' id='line_1_20' title="bbox 231 2004 1382 2082; baseline -0.001 -18"><span class='ocrx_word' id='word_1_182' title='bbox 231 2008 263 2064; x_wconf 93' lang='lat' dir='ltr'>in</span> <span class='ocrx_word' id='word_1_183' title='bbox 279 2006 429 2075; x_wconf 89' lang='lat' dir='ltr'>ambitum,</span> <span class='ocrx_word' id='word_1_184' title='bbox 446 2004 497 2063; x_wconf 89' lang='lat' dir='ltr'>sed</span> <span class='ocrx_word' id='word_1_185' title='bbox 518 2023 574 2063; x_wconf 90' lang='lat' dir='ltr'>nec</span> <span class='ocrx_word' id='word_1_186' title='bbox 593 2006 624 2062; x_wconf 92' lang='lat' dir='ltr'>in</span> <span class='ocrx_word' id='word_1_187' title='bbox 645 2004 769 2064; x_wconf 90' lang='lat' dir='ltr'>formam</span> <span class='ocrx_word' id='word_1_188' title='bbox 787 2007 984 2082; x_wconf 91' lang='lat' dir='ltr'>compositum</span> <span class='ocrx_word' id='word_1_189' title='bbox 1004 2006 1100 2065; x_wconf 86' lang='lat' dir='ltr'>fuisse.</span> <span class='ocrx_word' id='word_1_190' title='bbox 1144 2005 1220 2065; x_wconf 90' lang='lat' dir='ltr'>Sane</span> <span class='ocrx_word' id='word_1_191' title='bbox 1238 2024 1274 2064; x_wconf 89' lang='lat' dir='ltr'>ex</span> <span class='ocrx_word' id='word_1_192' title='bbox 1293 2004 1382 2064; x_wconf 90' lang='lat' dir='ltr'>Suida</span> 
     </span>
     <span class='ocr_line' id='line_1_21' title="bbox 231 2086 1381 2163; baseline -0.003 -17"><span class='ocrx_word' id='word_1_193' title='bbox 231 2096 261 2146; x_wconf 87' lang='lat' dir='ltr'>et</span> <span class='ocrx_word' id='word_1_194' title='bbox 288 2086 422 2145; x_wconf 87' lang='lat' dir='ltr'>Eudocia</span> <span class='ocrx_word' id='word_1_195' title='bbox 449 2087 557 2144; x_wconf 91' lang='lat' dir='ltr'>scimus</span> <span class='ocrx_word' id='word_1_196' title='bbox 584 2086 756 2145; x_wconf 88' lang='lat' dir='ltr'>Archibium</span> <span class='ocrx_word' id='word_1_197' title='bbox 783 2088 1025 2146; x_wconf 90' lang='lat' dir='ltr'>commentarium</span> <span class='ocrx_word' id='word_1_198' title='bbox 1053 2089 1114 2146; x_wconf 91' lang='lat' dir='ltr'>siue</span> <span class='ocrx_word' id='word_1_199' title='bbox 1141 2089 1266 2162; x_wconf 67' lang='grc' dir='ltr'>ἐξήγησιν</span> <span class='ocrx_word' id='word_1_200' title='bbox 1293 2087 1381 2163; x_wconf 91' lang='lat' dir='ltr'>scrip-</span> 
     </span>
     <span class='ocr_line' id='line_1_22' title="bbox 231 2166 1382 2245; baseline -0.001 -19"><span class='ocrx_word' id='word_1_201' title='bbox 231 2169 304 2226; x_wconf 89' lang='lat' dir='ltr'>sisse</span> <span class='ocrx_word' id='word_1_202' title='bbox 319 2166 490 2225; x_wconf 90' lang='lat' dir='ltr'>Callimachi</span> <span class='ocrx_word' id='word_1_203' title='bbox 505 2166 778 2243; x_wconf 76' lang='lat' dir='ltr'>Epigrammatum3</span> <span class='ocrx_word' id='word_1_204' title='bbox 808 2169 861 2227; x_wconf 91' lang='lat' dir='ltr'>sed</span> <span class='ocrx_word' id='word_1_205' title='bbox 880 2187 976 2244; x_wconf 89' lang='lat' dir='ltr'>neque</span> <span class='ocrx_word' id='word_1_206' title='bbox 994 2171 1066 2227; x_wconf 91' lang='lat' dir='ltr'>inter</span> <span class='ocrx_word' id='word_1_207' title='bbox 1079 2168 1301 2245; x_wconf 88' lang='lat' dir='ltr'>Epigrammata</span> <span class='ocrx_word' id='word_1_208' title='bbox 1315 2168 1382 2226; x_wconf 90' lang='lat' dir='ltr'>Ibin</span> 
     </span>
     <span class='ocr_line' id='line_1_23' title="bbox 232 2248 1382 2326; baseline 0.002 -20"><span class='ocrx_word' id='word_1_209' title='bbox 232 2250 387 2325; x_wconf 88' lang='lat' dir='ltr'>quisquam</span> <span class='ocrx_word' id='word_1_210' title='bbox 401 2258 531 2307; x_wconf 91' lang='lat' dir='ltr'>ueterum</span> <span class='ocrx_word' id='word_1_211' title='bbox 547 2248 647 2319; x_wconf 89' lang='lat' dir='ltr'>retulit,</span> <span class='ocrx_word' id='word_1_212' title='bbox 660 2266 715 2306; x_wconf 91' lang='lat' dir='ltr'>nec</span> <span class='ocrx_word' id='word_1_213' title='bbox 729 2250 753 2307; x_wconf 92' lang='lat' dir='ltr'>si</span> <span class='ocrx_word' id='word_1_214' title='bbox 768 2250 949 2326; x_wconf 87' lang='lat' dir='ltr'>epigramma</span> <span class='ocrx_word' id='word_1_215' title='bbox 963 2250 1071 2320; x_wconf 90' lang='lat' dir='ltr'>fuisset,</span> <span class='ocrx_word' id='word_1_216' title='bbox 1083 2251 1211 2309; x_wconf 90' lang='lat' dir='ltr'>latuisset</span> <span class='ocrx_word' id='word_1_217' title='bbox 1225 2249 1315 2308; x_wconf 92' lang='lat' dir='ltr'>credo</span> <span class='ocrx_word' id='word_1_218' title='bbox 1329 2249 1382 2308; x_wconf 90' lang='lat' dir='ltr'>sed</span> 
     </span>
     <span class='ocr_line' id='line_1_24' title="bbox 232 2329 1382 2406; baseline -0.001 -18"><span class='ocrx_word' id='word_1_219' title='bbox 232 2331 263 2388; x_wconf 92' lang='lat' dir='ltr'>in</span> <span class='ocrx_word' id='word_1_220' title='bbox 284 2329 494 2405; x_wconf 88' lang='lat' dir='ltr'>Anthologiam</span> <span class='ocrx_word' id='word_1_221' title='bbox 522 2331 709 2405; x_wconf 89' lang='lat' dir='ltr'>peruenisset.</span> <span class='ocrx_word' id='word_1_222' title='bbox 753 2330 842 2389; x_wconf 91' lang='lat' dir='ltr'>Nunc</span> <span class='ocrx_word' id='word_1_223' title='bbox 868 2349 936 2389; x_wconf 90' lang='lat' dir='ltr'>cum</span> <span class='ocrx_word' id='word_1_224' title='bbox 958 2349 1020 2390; x_wconf 90' lang='lat' dir='ltr'>non</span> <span class='ocrx_word' id='word_1_225' title='bbox 1048 2340 1135 2402; x_wconf 91' lang='lat' dir='ltr'>extet,</span> <span class='ocrx_word' id='word_1_226' title='bbox 1159 2347 1225 2388; x_wconf 90' lang='lat' dir='ltr'>eam</span> <span class='ocrx_word' id='word_1_227' title='bbox 1253 2331 1382 2406; x_wconf 86' lang='lat' dir='ltr'>speclem</span> 
     </span>
     <span class='ocr_line' id='line_1_25' title="bbox 232 2411 1382 2488; baseline 0.001 -19"><span class='ocrx_word' id='word_1_228' title='bbox 232 2411 341 2482; x_wconf 90' lang='lat' dir='ltr'>habuit,</span> <span class='ocrx_word' id='word_1_229' title='bbox 370 2412 483 2486; x_wconf 92' lang='lat' dir='ltr'>opinor,</span> <span class='ocrx_word' id='word_1_230' title='bbox 511 2429 600 2487; x_wconf 91' lang='lat' dir='ltr'>quam</span> <span class='ocrx_word' id='word_1_231' title='bbox 634 2421 746 2470; x_wconf 89' lang='lat' dir='ltr'>ceterae</span> <span class='ocrx_word' id='word_1_232' title='bbox 774 2412 917 2472; x_wconf 93' lang='lat' dir='ltr'>eiusmodi</span> <span class='ocrx_word' id='word_1_233' title='bbox 944 2413 1025 2484; x_wconf 82' lang='grc' dir='ltr'>Ἀραί.</span> <span class='ocrx_word' id='word_1_234' title='bbox 1070 2412 1229 2488; x_wconf 90' lang='lat' dir='ltr'>Scripserat</span> <span class='ocrx_word' id='word_1_235' title='bbox 1258 2414 1382 2484; x_wconf 74' lang='grc' dir='ltr'>κατευχὰς</span> 
     </span>
     <span class='ocr_line' id='line_1_26' title="bbox 233 2491 1382 2566; baseline -0.001 -15"><span class='ocrx_word' id='word_1_236' title='bbox 233 2491 407 2562; x_wconf 89' lang='lat' dir='ltr'>Simonides,</span> <span class='ocrx_word' id='word_1_237' title='bbox 429 2493 552 2550; x_wconf 90' lang='lat' dir='ltr'>sirecte</span> <span class='ocrx_word' id='word_1_238' title='bbox 574 2509 684 2550; x_wconf 92' lang='lat' dir='ltr'>nomen</span> <span class='ocrx_word' id='word_1_239' title='bbox 705 2492 841 2551; x_wconf 88' lang='lat' dir='ltr'>traditum</span> <span class='ocrx_word' id='word_1_240' title='bbox 862 2493 957 2551; x_wconf 89' lang='lat' dir='ltr'>estin</span> <span class='ocrx_word' id='word_1_241' title='bbox 979 2493 1076 2552; x_wconf 92' lang='lat' dir='ltr'>Schol.</span> <span class='ocrx_word' id='word_1_242' title='bbox 1096 2493 1154 2553; x_wconf 88' lang='lat' dir='ltr'>Od.</span> <span class='ocrx_word' id='word_1_243' title='bbox 1173 2497 1194 2562; x_wconf 79' lang='grc' dir='ltr'>ζ.</span> <span class='ocrx_word' id='word_1_244' title='bbox 1218 2495 1285 2564; x_wconf 92' lang='lat'>164,</span> <span class='ocrx_word' id='word_1_245' title='bbox 1304 2494 1382 2566; x_wconf 73' lang='grc' dir='ltr'>Ἀρὰς</span> 
     </span>
     <span class='ocr_line' id='line_1_27' title="bbox 232 2572 1381 2652; baseline -0.002 -20"><span class='ocrx_word' id='word_1_246' title='bbox 232 2573 339 2632; x_wconf 90' lang='lat' dir='ltr'>Moero</span> <span class='ocrx_word' id='word_1_247' title='bbox 354 2572 493 2648; x_wconf 88' lang='lat' dir='ltr'>Byzantia</span> <span class='ocrx_word' id='word_1_248' title='bbox 507 2572 653 2651; x_wconf 88' lang='lat' dir='ltr'>(Parthen.</span> <span class='ocrx_word' id='word_1_249' title='bbox 668 2574 747 2632; x_wconf 90' lang='lat' dir='ltr'>Erot.</span> <span class='ocrx_word' id='word_1_250' title='bbox 765 2573 815 2652; x_wconf 85' lang='lat'>27)</span> <span class='ocrx_word' id='word_1_251' title='bbox 829 2583 858 2633; x_wconf 91' lang='lat' dir='ltr'>et</span> <span class='ocrx_word' id='word_1_252' title='bbox 874 2573 1047 2650; x_wconf 89' lang='lat' dir='ltr'>Euphorion</span> <span class='ocrx_word' id='word_1_253' title='bbox 1063 2574 1271 2641; x_wconf 88' lang='lat' dir='ltr'>Chalcidensis,</span> <span class='ocrx_word' id='word_1_254' title='bbox 1287 2574 1334 2633; x_wconf 92' lang='lat' dir='ltr'>hic</span> <span class='ocrx_word' id='word_1_255' title='bbox 1351 2574 1381 2630; x_wconf 92' lang='lat' dir='ltr'>in</span> 
     </span>
     <span class='ocr_line' id='line_1_28' title="bbox 232 2654 1381 2731; baseline -0.002 -19"><span class='ocrx_word' id='word_1_256' title='bbox 232 2654 327 2713; x_wconf 89' lang='lat' dir='ltr'>furem</span> <span class='ocrx_word' id='word_1_257' title='bbox 342 2656 392 2731; x_wconf 94' lang='lat' dir='ltr'>qui</span> <span class='ocrx_word' id='word_1_258' title='bbox 411 2655 549 2730; x_wconf 92' lang='lat' dir='ltr'>poculum</span> <span class='ocrx_word' id='word_1_259' title='bbox 569 2655 750 2730; x_wconf 89' lang='lat' dir='ltr'>surripuerat,</span> <span class='ocrx_word' id='word_1_260' title='bbox 765 2665 797 2713; x_wconf 90' lang='lat' dir='ltr'>ut</span> <span class='ocrx_word' id='word_1_261' title='bbox 816 2674 852 2714; x_wconf 87' lang='lat' dir='ltr'>ex</span> <span class='ocrx_word' id='word_1_262' title='bbox 866 2656 956 2714; x_wconf 89' lang='lat' dir='ltr'>altero</span> <span class='ocrx_word' id='word_1_263' title='bbox 974 2657 1094 2714; x_wconf 92' lang='lat' dir='ltr'>nomine</span> <span class='ocrx_word' id='word_1_264' title='bbox 1109 2655 1246 2714; x_wconf 90' lang='lat' dir='ltr'>carminis</span> <span class='ocrx_word' id='word_1_265' title='bbox 1262 2679 1381 2727; x_wconf 81' lang='grc' dir='ltr'>ποτηριο-</span> 
     </span>
     <span class='ocr_line' id='line_1_29' title="bbox 233 2733 1382 2814; baseline 0 -22"><span class='ocrx_word' id='word_1_266' title='bbox 233 2733 329 2806; x_wconf 73' lang='grc' dir='ltr'>κλέπτῃ</span> <span class='ocrx_word' id='word_1_267' title='bbox 351 2735 499 2795; x_wconf 91' lang='lat' dir='ltr'>concludit</span> <span class='ocrx_word' id='word_1_268' title='bbox 520 2735 685 2794; x_wconf 89' lang='lat' dir='ltr'>Meinekius</span> <span class='ocrx_word' id='word_1_269' title='bbox 706 2736 791 2794; x_wconf 90' lang='lat' dir='ltr'>Anal.</span> <span class='ocrx_word' id='word_1_270' title='bbox 806 2736 891 2795; x_wconf 84' lang='lat' dir='ltr'>Alex.</span> <span class='ocrx_word' id='word_1_271' title='bbox 906 2757 935 2814; x_wconf 94' lang='lat' dir='ltr'>p.</span> <span class='ocrx_word' id='word_1_272' title='bbox 953 2756 998 2807; x_wconf 84' lang='lat' dir='ltr'>ao,</span> <span class='ocrx_word' id='word_1_273' title='bbox 1020 2737 1067 2795; x_wconf 90' lang='lat' dir='ltr'>illa</span> <span class='ocrx_word' id='word_1_274' title='bbox 1090 2738 1127 2797; x_wconf 95' lang='lat' dir='ltr'>de</span> <span class='ocrx_word' id='word_1_275' title='bbox 1147 2736 1271 2795; x_wconf 83' lang='lat' dir='ltr'>Alcinoe</span> <span class='ocrx_word' id='word_1_276' title='bbox 1293 2753 1382 2812; x_wconf 91' lang='lat' dir='ltr'>quam</span> 
     </span>
     <span class='ocr_line' id='line_1_30' title="bbox 232 2815 1382 2894; baseline -0.001 -18"><span class='ocrx_word' id='word_1_277' title='bbox 232 2815 381 2876; x_wconf 91' lang='lat' dir='ltr'>Nicandra</span> <span class='ocrx_word' id='word_1_278' title='bbox 402 2816 568 2887; x_wconf 91' lang='lat' dir='ltr'>deuouerat,</span> <span class='ocrx_word' id='word_1_279' title='bbox 591 2815 670 2893; x_wconf 92' lang='lat' dir='ltr'>quod</span> <span class='ocrx_word' id='word_1_280' title='bbox 692 2836 724 2876; x_wconf 92' lang='lat' dir='ltr'>se</span> <span class='ocrx_word' id='word_1_281' title='bbox 749 2836 816 2876; x_wconf 91' lang='lat' dir='ltr'>cum</span> <span class='ocrx_word' id='word_1_282' title='bbox 841 2828 904 2876; x_wconf 90' lang='lat' dir='ltr'>toto</span> <span class='ocrx_word' id='word_1_283' title='bbox 926 2836 1005 2876; x_wconf 89' lang='lat' dir='ltr'>anno</span> <span class='ocrx_word' id='word_1_284' title='bbox 1030 2816 1109 2894; x_wconf 90' lang='lat' dir='ltr'>apud</span> <span class='ocrx_word' id='word_1_285' title='bbox 1134 2835 1201 2876; x_wconf 90' lang='lat' dir='ltr'>eam</span> <span class='ocrx_word' id='word_1_286' title='bbox 1221 2817 1382 2875; x_wconf 90' lang='lat' dir='ltr'>laborasset</span> 
     </span>
     <span class='ocr_line' id='line_1_31' title="bbox 233 2898 1380 2975; baseline 0 -19"><span class='ocrx_word' id='word_1_287' title='bbox 233 2898 327 2956; x_wconf 85' lang='lat' dir='ltr'>soluta</span> <span class='ocrx_word' id='word_1_288' title='bbox 351 2907 465 2956; x_wconf 91' lang='lat' dir='ltr'>tantum</span> <span class='ocrx_word' id='word_1_289' title='bbox 492 2908 574 2974; x_wconf 90' lang='lat' dir='ltr'>parte</span> <span class='ocrx_word' id='word_1_290' title='bbox 599 2899 739 2958; x_wconf 91' lang='lat' dir='ltr'>mercedis</span> <span class='ocrx_word' id='word_1_291' title='bbox 765 2919 782 2957; x_wconf 91' lang='lat' dir='ltr'>a</span> <span class='ocrx_word' id='word_1_292' title='bbox 807 2899 898 2957; x_wconf 92' lang='lat' dir='ltr'>domo</span> <span class='ocrx_word' id='word_1_293' title='bbox 926 2900 1079 2975; x_wconf 86' lang='lat' dir='ltr'>exegisset.</span> <span class='ocrx_word' id='word_1_294' title='bbox 1122 2899 1190 2957; x_wconf 90' lang='lat' dir='ltr'>Hae</span> <span class='ocrx_word' id='word_1_295' title='bbox 1214 2900 1380 2974; x_wconf 81' lang='lat' dir='ltr'>perlerunt:</span> 
     </span>
     <span class='ocr_line' id='line_1_32' title="bbox 233 2978 1382 3059; baseline -0.002 -21"><span class='ocrx_word' id='word_1_296' title='bbox 233 2978 435 3038; x_wconf 85' lang='lat' dir='ltr'>Romanorum</span> <span class='ocrx_word' id='word_1_297' title='bbox 449 2990 549 3038; x_wconf 90' lang='lat' dir='ltr'>contra</span> <span class='ocrx_word' id='word_1_298' title='bbox 563 2990 719 3055; x_wconf 90' lang='lat' dir='ltr'>supersunt</span> <span class='ocrx_word' id='word_1_299' title='bbox 735 2981 794 3040; x_wconf 93' lang='lat' dir='ltr'>duo</span> <span class='ocrx_word' id='word_1_300' title='bbox 812 2981 1004 3059; x_wconf 87' lang='lat' dir='ltr'>deuotionum</span> <span class='ocrx_word' id='word_1_301' title='bbox 1018 2981 1153 3051; x_wconf 88' lang='lat' dir='ltr'>carmina,</span> <span class='ocrx_word' id='word_1_302' title='bbox 1169 2979 1258 3037; x_wconf 89' lang='lat' dir='ltr'>Dirae</span> <span class='ocrx_word' id='word_1_303' title='bbox 1272 2978 1382 3038; x_wconf 91' lang='lat' dir='ltr'>Valerii</span> 
     </span>
     <span class='ocr_line' id='line_1_33' title="bbox 233 3059 1383 3138; baseline -0.003 -18"><span class='ocrx_word' id='word_1_304' title='bbox 233 3060 355 3120; x_wconf 89' lang='lat' dir='ltr'>Catonis</span> <span class='ocrx_word' id='word_1_305' title='bbox 372 3071 400 3119; x_wconf 96' lang='lat' dir='ltr'>et</span> <span class='ocrx_word' id='word_1_306' title='bbox 418 3059 516 3120; x_wconf 91' lang='lat' dir='ltr'>Ouidii</span> <span class='ocrx_word' id='word_1_307' title='bbox 536 3061 605 3120; x_wconf 87' lang='lat' dir='ltr'>Ibis.</span> <span class='ocrx_word' id='word_1_308' title='bbox 648 3061 843 3138; x_wconf 89' lang='lat' dir='ltr'>Euphorionis</span> <span class='ocrx_word' id='word_1_309' title='bbox 863 3079 899 3120; x_wconf 93' lang='lat' dir='ltr'>ex</span> <span class='ocrx_word' id='word_1_310' title='bbox 919 3062 996 3121; x_wconf 87' lang='lat' dir='ltr'>DIris</span> <span class='ocrx_word' id='word_1_311' title='bbox 1015 3079 1104 3138; x_wconf 92' lang='lat' dir='ltr'>quem</span> <span class='ocrx_word' id='word_1_312' title='bbox 1125 3062 1244 3120; x_wconf 92' lang='lat' dir='ltr'>unicum</span> <span class='ocrx_word' id='word_1_313' title='bbox 1265 3078 1383 3119; x_wconf 89' lang='lat' dir='ltr'>uersum</span> 
     </span>
     <span class='ocr_line' id='line_1_34' title="bbox 234 3141 1380 3217; baseline -0.002 -17"><span class='ocrx_word' id='word_1_314' title='bbox 234 3152 386 3201; x_wconf 91' lang='lat' dir='ltr'>seruarunt</span> <span class='ocrx_word' id='word_1_315' title='bbox 407 3142 508 3217; x_wconf 88' lang='lat' dir='ltr'>Steph.</span> <span class='ocrx_word' id='word_1_316' title='bbox 524 3143 557 3201; x_wconf 91' lang='lat' dir='ltr'>B.</span> <span class='ocrx_word' id='word_1_317' title='bbox 572 3161 595 3201; x_wconf 93' lang='lat' dir='ltr'>s.</span> <span class='ocrx_word' id='word_1_318' title='bbox 606 3161 635 3201; x_wconf 92' lang='lat' dir='ltr'>u.</span> <span class='ocrx_word' id='word_1_319' title='bbox 649 3142 749 3214; x_wconf 68' lang='grc' dir='ltr'>Ἀλύβη</span> <span class='ocrx_word' id='word_1_320' title='bbox 768 3153 798 3201; x_wconf 89' lang='lat' dir='ltr'>et</span> <span class='ocrx_word' id='word_1_321' title='bbox 813 3142 909 3201; x_wconf 90' lang='lat' dir='ltr'>Schol.</span> <span class='ocrx_word' id='word_1_322' title='bbox 925 3143 1037 3201; x_wconf 92' lang='lat' dir='ltr'>Theoc.</span> <span class='ocrx_word' id='word_1_323' title='bbox 1054 3143 1082 3201; x_wconf 89' lang='lat' dir='ltr'>ii.</span> <span class='ocrx_word' id='word_1_324' title='bbox 1100 3162 1114 3199; x_wconf 86' lang='lat'><strong><em>2</em></strong></span> <span class='ocrx_word' id='word_1_325' title='bbox 1137 3141 1307 3200; x_wconf 86' lang='lat' dir='ltr'>hexameter</span> <span class='ocrx_word' id='word_1_326' title='bbox 1328 3151 1380 3211; x_wconf 89' lang='lat' dir='ltr'>est,</span> 
     </span>
     <span class='ocr_line' id='line_1_35' title="bbox 233 3223 1381 3300; baseline -0.002 -18"><span class='ocrx_word' id='word_1_327' title='bbox 233 3234 265 3282; x_wconf 95' lang='lat' dir='ltr'>ut</span> <span class='ocrx_word' id='word_1_328' title='bbox 279 3225 349 3283; x_wconf 91' lang='lat' dir='ltr'>nihil</span> <span class='ocrx_word' id='word_1_329' title='bbox 364 3224 431 3282; x_wconf 92' lang='lat' dir='ltr'>inde</span> <span class='ocrx_word' id='word_1_330' title='bbox 446 3223 541 3298; x_wconf 92' lang='lat' dir='ltr'>colligi</span> <span class='ocrx_word' id='word_1_331' title='bbox 554 3226 645 3300; x_wconf 92' lang='lat' dir='ltr'>possit</span> <span class='ocrx_word' id='word_1_332' title='bbox 659 3224 696 3283; x_wconf 93' lang='lat' dir='ltr'>de</span> <span class='ocrx_word' id='word_1_333' title='bbox 708 3223 878 3282; x_wconf 88' lang='lat' dir='ltr'>Callimachi</span> <span class='ocrx_word' id='word_1_334' title='bbox 892 3224 975 3282; x_wconf 89' lang='lat' dir='ltr'>Ibide</span> <span class='ocrx_word' id='word_1_335' title='bbox 989 3242 1079 3300; x_wconf 90' lang='lat' dir='ltr'>quam</span> <span class='ocrx_word' id='word_1_336' title='bbox 1094 3223 1267 3298; x_wconf 90' lang='lat' dir='ltr'>Euphorion</span> <span class='ocrx_word' id='word_1_337' title='bbox 1283 3240 1381 3299; x_wconf 90' lang='lat' dir='ltr'>presse</span> 
     </span>
     <span class='ocr_line' id='line_1_36' title="bbox 233 3303 1382 3379; baseline -0.002 -17"><span class='ocrx_word' id='word_1_338' title='bbox 233 3314 349 3364; x_wconf 90' lang='lat' dir='ltr'>secutus</span> <span class='ocrx_word' id='word_1_339' title='bbox 363 3305 495 3364; x_wconf 92' lang='lat' dir='ltr'>uideatur</span> <span class='ocrx_word' id='word_1_340' title='bbox 509 3305 667 3363; x_wconf 87' lang='lat' dir='ltr'>Meineki0.</span> <span class='ocrx_word' id='word_1_341' title='bbox 711 3304 790 3364; x_wconf 90' lang='lat' dir='ltr'>Nam</span> <span class='ocrx_word' id='word_1_342' title='bbox 805 3304 900 3362; x_wconf 75' lang='lat' dir='ltr'>Diras</span> <span class='ocrx_word' id='word_1_343' title='bbox 918 3305 1092 3364; x_wconf 83' lang='lat' dir='ltr'>hexametris</span> <span class='ocrx_word' id='word_1_344' title='bbox 1112 3305 1225 3379; x_wconf 90' lang='lat' dir='ltr'>scripsit</span> <span class='ocrx_word' id='word_1_345' title='bbox 1240 3303 1315 3362; x_wconf 86' lang='lat' dir='ltr'>Cato</span> <span class='ocrx_word' id='word_1_346' title='bbox 1330 3321 1382 3361; x_wconf 91' lang='lat' dir='ltr'>seu</span> 
     </span>
     <span class='ocr_line' id='line_1_37' title="bbox 234 3384 1382 3463; baseline -0.003 -19"><span class='ocrx_word' id='word_1_347' title='bbox 234 3387 298 3463; x_wconf 92' lang='lat' dir='ltr'>quis</span> <span class='ocrx_word' id='word_1_348' title='bbox 312 3387 383 3445; x_wconf 90' lang='lat' dir='ltr'>alius</span> <span class='ocrx_word' id='word_1_349' title='bbox 399 3386 467 3444; x_wconf 90' lang='lat' dir='ltr'>fuit:</span> <span class='ocrx_word' id='word_1_350' title='bbox 490 3404 546 3444; x_wconf 87' lang='lat' dir='ltr'>nec</span> <span class='ocrx_word' id='word_1_351' title='bbox 561 3388 614 3445; x_wconf 91' lang='lat' dir='ltr'>nisi</span> <span class='ocrx_word' id='word_1_352' title='bbox 630 3405 667 3444; x_wconf 91' lang='lat' dir='ltr'>ex</span> <span class='ocrx_word' id='word_1_353' title='bbox 682 3384 828 3445; x_wconf 91' lang='lat' dir='ltr'>Ouidiana</span> <span class='ocrx_word' id='word_1_354' title='bbox 843 3386 926 3445; x_wconf 92' lang='lat' dir='ltr'>Ibide</span> <span class='ocrx_word' id='word_1_355' title='bbox 941 3397 970 3445; x_wconf 93' lang='lat' dir='ltr'>et</span> <span class='ocrx_word' id='word_1_356' title='bbox 984 3387 1045 3445; x_wconf 91' lang='lat' dir='ltr'>eius</span> <span class='ocrx_word' id='word_1_357' title='bbox 1060 3385 1182 3444; x_wconf 90' lang='lat' dir='ltr'>Scholiis</span> <span class='ocrx_word' id='word_1_358' title='bbox 1204 3385 1308 3443; x_wconf 86' lang='lat' dir='ltr'>afferas</span> <span class='ocrx_word' id='word_1_359' title='bbox 1330 3402 1382 3443; x_wconf 90' lang='lat' dir='ltr'>cur</span> 
     </span>
     <span class='ocr_line' id='line_1_38' title="bbox 234 3465 1382 3542; baseline -0.002 -18"><span class='ocrx_word' id='word_1_360' title='bbox 234 3485 296 3524; x_wconf 91' lang='lat' dir='ltr'>non</span> <span class='ocrx_word' id='word_1_361' title='bbox 318 3467 492 3525; x_wconf 86' lang='lat' dir='ltr'>hexametris</span> <span class='ocrx_word' id='word_1_362' title='bbox 514 3475 592 3525; x_wconf 90' lang='lat' dir='ltr'>totae</span> <span class='ocrx_word' id='word_1_363' title='bbox 615 3468 793 3542; x_wconf 89' lang='lat' dir='ltr'>compositae</span> <span class='ocrx_word' id='word_1_364' title='bbox 816 3467 872 3525; x_wconf 90' lang='lat' dir='ltr'>sint</span> <span class='ocrx_word' id='word_1_365' title='bbox 895 3477 924 3526; x_wconf 89' lang='lat' dir='ltr'>et</span> <span class='ocrx_word' id='word_1_366' title='bbox 945 3467 1115 3527; x_wconf 90' lang='lat' dir='ltr'>Callimachi</span> <span class='ocrx_word' id='word_1_367' title='bbox 1136 3475 1165 3524; x_wconf 96' lang='lat' dir='ltr'>et</span> <span class='ocrx_word' id='word_1_368' title='bbox 1187 3465 1382 3541; x_wconf 89' lang='lat' dir='ltr'>Euphorionis</span> 
     </span>
     <span class='ocr_line' id='line_1_39' title="bbox 234 3547 437 3606; baseline 0 -1"><span class='ocrx_word' id='word_1_369' title='bbox 234 3547 416 3606; x_wconf 91' lang='lat' dir='ltr'>deuotiones.</span> <span class='ocrx_word' id='word_1_370' title='bbox 429 3588 437 3605; x_wconf 69' lang='lat'>.</span> 
     </span>
    </p>

    <p class='ocr_par' dir='ltr' id='par_1_3' title="bbox 235 3626 1386 4515">
     <span class='ocr_line' id='line_1_40' title="bbox 276 3626 1384 3706; baseline -0.002 -20"><span class='ocrx_word' id='word_1_371' title='bbox 276 3628 351 3686; x_wconf 93' lang='lat' dir='ltr'>Illud</span> <span class='ocrx_word' id='word_1_372' title='bbox 365 3626 559 3686; x_wconf 91' lang='lat' dir='ltr'>omittendum</span> <span class='ocrx_word' id='word_1_373' title='bbox 573 3646 634 3686; x_wconf 93' lang='lat' dir='ltr'>non</span> <span class='ocrx_word' id='word_1_374' title='bbox 649 3637 708 3686; x_wconf 91' lang='lat' dir='ltr'>erat</span> <span class='ocrx_word' id='word_1_375' title='bbox 722 3629 754 3687; x_wconf 91' lang='lat' dir='ltr'>in</span> <span class='ocrx_word' id='word_1_376' title='bbox 767 3629 821 3688; x_wconf 87' lang='lat' dir='ltr'>hac</span> <span class='ocrx_word' id='word_1_377' title='bbox 836 3647 866 3688; x_wconf 92' lang='lat' dir='ltr'>re</span> <span class='ocrx_word' id='word_1_378' title='bbox 881 3630 961 3706; x_wconf 92' lang='lat' dir='ltr'>quod</span> <span class='ocrx_word' id='word_1_379' title='bbox 976 3628 1013 3687; x_wconf 90' lang='lat' dir='ltr'>ad</span> <span class='ocrx_word' id='word_1_380' title='bbox 1027 3647 1055 3687; x_wconf 92' lang='lat' dir='ltr'>u.</span> <span class='ocrx_word' id='word_1_381' title='bbox 1071 3628 1115 3687; x_wconf 88' lang='lat' dir='ltr'>Ib.</span> <span class='ocrx_word' id='word_1_382' title='bbox 1127 3644 1185 3703; x_wconf 82' lang='lat'>315</span> <span class='ocrx_word' id='word_1_383' title='bbox 1208 3627 1292 3704; x_wconf 84' lang='lat' dir='ltr'>thue</span> <span class='ocrx_word' id='word_1_384' title='bbox 1306 3646 1384 3685; x_wconf 84' lang='lat' dir='ltr'>neca-</span> 
     </span>
     <span class='ocr_line' id='line_1_41' title="bbox 235 3707 1385 3788; baseline 0 -23"><span class='ocrx_word' id='word_1_385' title='bbox 235 3714 324 3765; x_wconf 84' lang='lat' dir='ltr'>torum</span> <span class='ocrx_word' id='word_1_386' title='bbox 336 3707 433 3766; x_wconf 85' lang='lat' dir='ltr'>Darei</span> <span class='ocrx_word' id='word_1_387' title='bbox 432 3710 544 3788; x_wconf 78' lang='lat' dir='ltr'>fraude</span> <span class='ocrx_word' id='word_1_388' title='bbox 557 3710 671 3767; x_wconf 83' lang='lat' dir='ltr'>secundi</span> <span class='ocrx_word' id='word_1_389' title='bbox 679 3708 730 3768; x_wconf 82' lang='lat' dir='ltr'>Sic</span> <span class='ocrx_word' id='word_1_390' title='bbox 743 3718 791 3768; x_wconf 84' lang='lat' dir='ltr'>tuo</span> <span class='ocrx_word' id='word_1_391' title='bbox 805 3711 945 3768; x_wconf 72' lang='lat' dir='ltr'>subradens</span> <span class='ocrx_word' id='word_1_392' title='bbox 959 3711 1067 3768; x_wconf 82' lang='lat' dir='ltr'>deuoret</span> <span class='ocrx_word' id='word_1_393' title='bbox 1079 3728 1129 3768; x_wconf 82' lang='lat' dir='ltr'>ora</span> <span class='ocrx_word' id='word_1_394' title='bbox 1142 3712 1214 3767; x_wconf 70' lang='lat' dir='ltr'>caius</span> <span class='ocrx_word' id='word_1_395' title='bbox 1224 3708 1385 3768; x_wconf 85' lang='lat' dir='ltr'>Scholiasta</span> 
     </span>
     <span class='ocr_line' id='line_1_42' title="bbox 236 3788 1385 3868; baseline -0.002 -21"><span class='ocrx_word' id='word_1_396' title='bbox 236 3788 384 3848; x_wconf 88' lang='lat' dir='ltr'>Galeanus</span> <span class='ocrx_word' id='word_1_397' title='bbox 411 3789 483 3849; x_wconf 90' lang='lat' dir='ltr'>haec</span> <span class='ocrx_word' id='word_1_398' title='bbox 509 3790 622 3849; x_wconf 89' lang='lat' dir='ltr'>tradidit</span> <span class='ocrx_word' id='word_1_399' title='bbox 643 3789 758 3848; x_wconf 81' lang='lat' dir='ltr'>Dareus</span> <span class='ocrx_word' id='word_1_400' title='bbox 775 3793 811 3868; x_wconf 82' lang='lat' dir='ltr'>fi.</span> <span class='ocrx_word' id='word_1_401' title='bbox 832 3793 925 3866; x_wconf 74' lang='lat' dir='ltr'>przim&#39;</span> <span class='ocrx_word' id='word_1_402' title='bbox 943 3789 1039 3849; x_wconf 82' lang='lat' dir='ltr'>Darei</span> <span class='ocrx_word' id='word_1_403' title='bbox 1056 3795 1124 3867; x_wconf 79' lang='lat' dir='ltr'>quia</span> <span class='ocrx_word' id='word_1_404' title='bbox 1146 3791 1302 3849; x_wconf 67' lang='lat' dir='ltr'>homenibus</span> <span class='ocrx_word' id='word_1_405' title='bbox 1324 3791 1385 3846; x_wconf 83' lang='lat' dir='ltr'>suis</span> 
     </span>
     <span class='ocr_line' id='line_1_43' title="bbox 236 3872 1386 3948; baseline -0.001 -21"><span class='ocrx_word' id='word_1_406' title='bbox 236 3872 348 3928; x_wconf 72' lang='lat' dir='ltr'>aitrauz&#39;t</span> <span class='ocrx_word' id='word_1_407' title='bbox 367 3872 439 3947; x_wconf 85' lang='lat' dir='ltr'>quod</span> <span class='ocrx_word' id='word_1_408' title='bbox 455 3890 508 3928; x_wconf 86' lang='lat' dir='ltr'>non</span> <span class='ocrx_word' id='word_1_409' title='bbox 530 3873 659 3930; x_wconf 69' lang='lat' dir='ltr'>accederet</span> <span class='ocrx_word' id='word_1_410' title='bbox 679 3892 720 3930; x_wconf 86' lang='lat' dir='ltr'>eos</span> <span class='ocrx_word' id='word_1_411' title='bbox 741 3892 840 3930; x_wconf 77' lang='lat' dir='ltr'>ueneno</span> <span class='ocrx_word' id='word_1_412' title='bbox 860 3875 933 3931; x_wconf 84' lang='lat' dir='ltr'>sicut</span> <span class='ocrx_word' id='word_1_413' title='bbox 949 3880 1031 3948; x_wconf 85' lang='lat' dir='ltr'>pater</span> <span class='ocrx_word' id='word_1_414' title='bbox 1051 3891 1119 3930; x_wconf 84' lang='lat' dir='ltr'>suus</span> <span class='ocrx_word' id='word_1_415' title='bbox 1138 3874 1280 3929; x_wconf 78' lang='lat' dir='ltr'>consueuit</span> <span class='ocrx_word' id='word_1_416' title='bbox 1298 3873 1386 3928; x_wconf 66' lang='lat' dir='ltr'>cature</span> 
     </span>
     <span class='ocr_line' id='line_1_44' title="bbox 235 3951 1386 4029; baseline 0 -22"><span class='ocrx_word' id='word_1_417' title='bbox 235 3951 325 4009; x_wconf 81' lang='lat' dir='ltr'>calido</span> <span class='ocrx_word' id='word_1_418' title='bbox 338 3971 380 4009; x_wconf 82' lang='lat' dir='ltr'>eos</span> <span class='ocrx_word' id='word_1_419' title='bbox 394 3954 536 4029; x_wconf 68' lang='lat' dir='ltr'>intersecat.</span> <span class='ocrx_word' id='word_1_420' title='bbox 587 3952 661 4012; x_wconf 83' lang='lat' dir='ltr'>Vnde</span> <span class='ocrx_word' id='word_1_421' title='bbox 676 3952 848 4012; x_wconf 70' lang='lat' dir='ltr'>Collrmocus</span> <span class='ocrx_word' id='word_1_422' title='bbox 862 3962 959 4012; x_wconf 86' lang='lat' dir='ltr'>contra</span> <span class='ocrx_word' id='word_1_423' title='bbox 973 3973 1054 4012; x_wconf 85' lang='lat' dir='ltr'>suum</span> <span class='ocrx_word' id='word_1_424' title='bbox 1069 3953 1135 4010; x_wconf 81' lang='lat' dir='ltr'>Ibz‘n</span> <span class='ocrx_word' id='word_1_425' title='bbox 1150 3951 1199 4011; x_wconf 83' lang='lat' dir='ltr'>Sic</span> <span class='ocrx_word' id='word_1_426' title='bbox 1213 3960 1244 4010; x_wconf 85' lang='lat' dir='ltr'>tu</span> <span class='ocrx_word' id='word_1_427' title='bbox 1262 3953 1386 4026; x_wconf 78' lang='lat' dir='ltr'>deparcos</span> 
     </span>
     <span class='ocr_line' id='line_1_45' title="bbox 236 4031 1386 4111; baseline -0.001 -22"><span class='ocrx_word' id='word_1_428' title='bbox 236 4033 309 4089; x_wconf 83' lang='lat' dir='ltr'>sz&#39;cut</span> <span class='ocrx_word' id='word_1_429' title='bbox 314 4035 423 4107; x_wconf 80' lang='lat' dir='ltr'>periere</span> <span class='ocrx_word' id='word_1_430' title='bbox 434 4036 548 4091; x_wconf 77' lang='lat' dir='ltr'>secundi</span> <span class='ocrx_word' id='word_1_431' title='bbox 561 4033 634 4105; x_wconf 85' lang='lat' dir='ltr'>Quos</span> <span class='ocrx_word' id='word_1_432' title='bbox 648 4034 763 4092; x_wconf 84' lang='lat' dir='ltr'>Dareus</span> <span class='ocrx_word' id='word_1_433' title='bbox 779 4036 862 4094; x_wconf 83' lang='lat' dir='ltr'>multo</span> <span class='ocrx_word' id='word_1_434' title='bbox 876 4043 1033 4111; x_wconf 74' lang='lat' dir='ltr'>prorueret</span> <span class='ocrx_word' id='word_1_435' title='bbox 1046 4036 1134 4092; x_wconf 79' lang='lat' dir='ltr'>ct&#39;rrere</span> <span class='ocrx_word' id='word_1_436' title='bbox 1150 4032 1294 4111; x_wconf 80' lang='lat' dir='ltr'>(secundus</span> <span class='ocrx_word' id='word_1_437' title='bbox 1312 4031 1386 4103; x_wconf 80' lang='lat' dir='ltr'>Quos</span> 
     </span>
     <span class='ocr_line' id='line_1_46' title="bbox 237 4111 1385 4190; baseline 0 -21"><span class='ocrx_word' id='word_1_438' title='bbox 237 4114 321 4170; x_wconf 83' lang='lat' dir='ltr'>multo</span> <span class='ocrx_word' id='word_1_439' title='bbox 345 4113 459 4172; x_wconf 82' lang='lat' dir='ltr'>Dareus</span> <span class='ocrx_word' id='word_1_440' title='bbox 479 4114 609 4173; x_wconf 80' lang='lat' dir='ltr'>obruerat</span> <span class='ocrx_word' id='word_1_441' title='bbox 629 4118 718 4173; x_wconf 78' lang='lat' dir='ltr'>cahere</span> <span class='ocrx_word' id='word_1_442' title='bbox 740 4115 766 4174; x_wconf 93' lang='lat' dir='ltr'>C</span> <span class='ocrx_word' id='word_1_443' title='bbox 791 4134 858 4175; x_wconf 91' lang='lat' dir='ltr'>cum</span> <span class='ocrx_word' id='word_1_444' title='bbox 883 4114 1075 4190; x_wconf 86' lang='lat' dir='ltr'>Askeuiano).</span> <span class='ocrx_word' id='word_1_445' title='bbox 1125 4115 1187 4173; x_wconf 88' lang='lat' dir='ltr'>Etsi</span> <span class='ocrx_word' id='word_1_446' title='bbox 1210 4115 1288 4173; x_wconf 90' lang='lat' dir='ltr'>enim</span> <span class='ocrx_word' id='word_1_447' title='bbox 1314 4111 1385 4170; x_wconf 90' lang='lat' dir='ltr'>nihil</span> 
     </span>
     <span class='ocr_line' id='line_1_47' title="bbox 237 4193 1384 4275; baseline 0 -24"><span class='ocrx_word' id='word_1_448' title='bbox 237 4193 346 4252; x_wconf 91' lang='lat' dir='ltr'>habent</span> <span class='ocrx_word' id='word_1_449' title='bbox 367 4195 433 4253; x_wconf 88' lang='lat' dir='ltr'>fidei</span> <span class='ocrx_word' id='word_1_450' title='bbox 454 4197 632 4272; x_wconf 90' lang='lat' dir='ltr'>suppositicii</span> <span class='ocrx_word' id='word_1_451' title='bbox 654 4214 755 4255; x_wconf 91' lang='lat' dir='ltr'>uersus</span> <span class='ocrx_word' id='word_1_452' title='bbox 777 4199 876 4275; x_wconf 92' lang='lat' dir='ltr'>quales</span> <span class='ocrx_word' id='word_1_453' title='bbox 897 4216 959 4256; x_wconf 91' lang='lat' dir='ltr'>non</span> <span class='ocrx_word' id='word_1_454' title='bbox 980 4197 1065 4273; x_wconf 90' lang='lat' dir='ltr'>pauci</span> <span class='ocrx_word' id='word_1_455' title='bbox 1086 4196 1117 4253; x_wconf 89' lang='lat' dir='ltr'>iu</span> <span class='ocrx_word' id='word_1_456' title='bbox 1138 4196 1182 4254; x_wconf 90' lang='lat' dir='ltr'>his</span> <span class='ocrx_word' id='word_1_457' title='bbox 1204 4195 1320 4254; x_wconf 92' lang='lat' dir='ltr'>scholiis</span> <span class='ocrx_word' id='word_1_458' title='bbox 1341 4212 1384 4251; x_wconf 88' lang='lat' dir='ltr'>re-</span> 
     </span>
     <span class='ocr_line' id='line_1_48' title="bbox 236 4275 1384 4354; baseline -0.001 -21"><span class='ocrx_word' id='word_1_459' title='bbox 236 4275 393 4352; x_wconf 89' lang='lat' dir='ltr'>periuntur,</span> <span class='ocrx_word' id='word_1_460' title='bbox 408 4277 502 4352; x_wconf 92' lang='lat' dir='ltr'>potuit</span> <span class='ocrx_word' id='word_1_461' title='bbox 519 4285 618 4335; x_wconf 90' lang='lat' dir='ltr'>tamen</span> <span class='ocrx_word' id='word_1_462' title='bbox 639 4278 758 4336; x_wconf 89' lang='lat' dir='ltr'>historia</span> <span class='ocrx_word' id='word_1_463' title='bbox 778 4279 851 4337; x_wconf 91' lang='lat' dir='ltr'>tradi</span> <span class='ocrx_word' id='word_1_464' title='bbox 869 4297 905 4337; x_wconf 89' lang='lat' dir='ltr'>ex</span> <span class='ocrx_word' id='word_1_465' title='bbox 921 4277 1090 4338; x_wconf 91' lang='lat' dir='ltr'>Callimachi</span> <span class='ocrx_word' id='word_1_466' title='bbox 1105 4277 1187 4335; x_wconf 93' lang='lat' dir='ltr'>Ibide</span> <span class='ocrx_word' id='word_1_467' title='bbox 1205 4276 1384 4354; x_wconf 89' lang='lat' dir='ltr'>prouenisse.</span> 
     </span>
     <span class='ocr_line' id='line_1_49' title="bbox 237 4355 1384 4432; baseline -0.003 -16"><span class='ocrx_word' id='word_1_468' title='bbox 237 4355 324 4416; x_wconf 90' lang='lat' dir='ltr'>Certe</span> <span class='ocrx_word' id='word_1_469' title='bbox 337 4358 369 4415; x_wconf 93' lang='lat' dir='ltr'>in</span> <span class='ocrx_word' id='word_1_470' title='bbox 382 4356 440 4415; x_wconf 90' lang='lat' dir='ltr'>hoc</span> <span class='ocrx_word' id='word_1_471' title='bbox 450 4375 510 4416; x_wconf 93' lang='lat' dir='ltr'>uno</span> <span class='ocrx_word' id='word_1_472' title='bbox 521 4359 589 4416; x_wconf 94' lang='lat' dir='ltr'>loco</span> <span class='ocrx_word' id='word_1_473' title='bbox 602 4357 771 4429; x_wconf 88' lang='lat' dir='ltr'>Scholiasta,</span> <span class='ocrx_word' id='word_1_474' title='bbox 783 4377 851 4418; x_wconf 93' lang='lat' dir='ltr'>cum</span> <span class='ocrx_word' id='word_1_475' title='bbox 865 4361 895 4417; x_wconf 94' lang='lat' dir='ltr'>in</span> <span class='ocrx_word' id='word_1_476' title='bbox 909 4360 1006 4418; x_wconf 92' lang='lat' dir='ltr'>multis</span> <span class='ocrx_word' id='word_1_477' title='bbox 1019 4357 1231 4417; x_wconf 91' lang='lat' dir='ltr'>Callimachum</span> <span class='ocrx_word' id='word_1_478' title='bbox 1246 4356 1384 4432; x_wconf 90' lang='lat' dir='ltr'>allegarit,</span> 
     </span>
     <span class='ocr_line' id='line_1_50' title="bbox 238 4437 1385 4515; baseline 0 -21"><span class='ocrx_word' id='word_1_479' title='bbox 238 4437 307 4497; x_wconf 92' lang='lat' dir='ltr'>illud</span> <span class='ocrx_word' id='word_1_480' title='bbox 328 4439 360 4496; x_wconf 83' lang='lat' dir='ltr'>a&#39;n</span> <span class='ocrx_word' id='word_1_481' title='bbox 380 4457 460 4496; x_wconf 86' lang='lat' dir='ltr'>suum</span> <span class='ocrx_word' id='word_1_482' title='bbox 481 4437 548 4496; x_wconf 83' lang='lat' dir='ltr'>Ibin</span> <span class='ocrx_word' id='word_1_483' title='bbox 567 4439 712 4498; x_wconf 86' lang='lat' dir='ltr'>adnexuit.</span> <span class='ocrx_word' id='word_1_484' title='bbox 756 4440 813 4498; x_wconf 92' lang='lat' dir='ltr'>Sed</span> <span class='ocrx_word' id='word_1_485' title='bbox 835 4440 951 4499; x_wconf 88' lang='lat' dir='ltr'>alternis</span> <span class='ocrx_word' id='word_1_486' title='bbox 965 4439 1140 4498; x_wconf 89' lang='lat' dir='ltr'>hexametris</span> <span class='ocrx_word' id='word_1_487' title='bbox 1154 4449 1183 4497; x_wconf 94' lang='lat' dir='ltr'>et</span> <span class='ocrx_word' id='word_1_488' title='bbox 1197 4437 1385 4515; x_wconf 83' lang='lat' dir='ltr'>pentametris</span> 
     </span>
    </p>
   </div>
   <div class='ocr_carea' id='block_1_3' title="bbox 0 0 1532 5010">
    <p class='ocr_par' dir='ltr' id='par_1_4' title="bbox 0 0 1532 5010">
     <span class='ocr_line' id='line_1_51' title="bbox 0 0 1532 5010; baseline 0 0"><span class='ocrx_word' id='word_1_489' title='bbox 0 0 1532 5010; x_wconf 95' lang='lat' dir='ltr'> </span> 
     </span>
    </p>
   </div>
  </div>
 </body>
</html>
