3038 5010
222 357 279 412 150
621 344 968 409 COMMENTARIVS.

220 503 331 559 Similia
352 502 389 558 de
410 518 496 558 uxore
519 501 708 558 Hasdrubalis
729 500 843 557 tradunt
864 502 939 556 Flor.
957 500 985 556 ii.
1006 511 1046 570 15,
1067 500 1130 556 Vah
1154 501 1230 556 Max
1248 498 1287 557 iii.
1304 515 1329 557 2.
1344 503 1370 558 8.

220 576 279 630 Sed
300 585 397 628 tamen
418 573 465 628 iiix
490 573 666 628 satisfactum
688 573 729 627 sic
751 589 855 626 censeo
876 571 970 626 uerbis
991 574 1138 636 cupidine
1162 574 1283 640 mortis,
1304 589 1371 628 cum

219 645 313 715 potius
332 644 407 698 uitae
426 654 589 713 contemptu
607 644 747 698 Axiothea
765 643 896 712 perierit;
923 651 1070 712 praeterea
1088 658 1255 697 succensae
1273 659 1371 708 pyrae

220 714 320 769 melius
345 713 381 769 de
406 724 496 768 morte
520 714 710 783 interpreteris
735 713 826 783 qualis
848 713 898 767 fuit
921 713 1056 767 Euadnes
1078 729 1112 766 ac
1135 713 1299 767 Semiramis
1324 729 1371 783 ap.

221 787 296 854 Hyg.
309 799 369 852 243.
400 784 473 838 Vide
487 786 653 838 Excursum.
724 787 789 837 519.
808 787 1017 847 Inclususque
1028 799 1137 837 necem
1149 799 1253 839 eausa.
1281 785 1372 838 Recte

222 855 389 910 Laurentius
409 854 573 909 Abstemius
592 863 620 908 et
638 864 704 908 ante
724 871 788 908 euin
808 854 968 908 Scholiasta
986 855 1008 906 P
1028 853 1064 907 de
1085 853 1258 908 Callisthene
1276 853 1371 907 locum

221 925 425 980 intellexerunt.
447 927 493 978 De
506 941 541 978 eo
554 923 650 979 omnia
661 924 774 993 collegit
786 926 817 979 C.
829 925 983 978 Muellerus
996 922 1025 977 in
1038 925 1152 991 Fragm.
1162 923 1371 994 Historicorum

221 995 268 1065 qui
282 995 318 1049 de
327 996 489 1049 Alexandro
498 995 678 1064 scripserunt.
699 994 797 1049 lustin.
809 1006 874 1062 15.3
886 994 956 1047 Cum
965 995 1132 1048 Alexander
1139 1009 1261 1065 magnus
1270 995 1372 1049 Callis·
1407 1001 1416 1007 '

219 1065 320 1119 thenen
334 1064 534 1135 philosophum
548 1069 670 1136 propter
684 1066 866 1119 salutationis
883 1065 1012 1117 Persicae
1028 1065 1240 1134 interpellatum
1258 1081 1372 1132 niorem,

220 1137 407 1207 insidiimcm,
419 1152 491 1204 quae
507 1137 564 1188 sihi
574 1140 697 1206 paratae
708 1136 848 1218 fuerant,
860 1137 999 1188 conscium
1011 1135 1107 1204 fuisse
1127 1136 1222 1188 iratus
1230 1136 1372 1204 finiisset,

219 1223 338 1275 eumque
348 1207 489 1260 truncatis
499 1207 652 1260 crudeliter
661 1206 788 1259 omnihus
803 1206 933 1258 memhris
950 1205 1116 1274 citamque
1132 1206 1249 1258 auribus
1260 1222 1293 1258 ac
1304 1220 1375 1259 naso

220 1277 367 1351 labiisque,
380 1277 502 1346 deforme
525 1294 558 1330 oc
581 1275 772 1330 miserandum
796 1276 983 1345 spectaculum
1007 1276 1179 1342 reddidisset,
1203 1277 1322 1345 insuper
1340 1277 1373 1328 in

220 1364 307 1401 cauea
335 1363 398 1400 cum
428 1363 496 1400 cane
524 1347 651 1401 clausum
682 1348 723 1400 aa'
748 1351 852 1400 metum
881 1351 1034 1399 ceterorum
1063 1345 1277 1414 circumferre&
1305 1351 1375 1399 tunc

220 1416 412 1487 Lysimachus,
437 1414 537 1470 audire
561 1417 749 1472 Callisthenen
772 1422 800 1470 et
822 1420 973 1486 praecepta
997 1416 1031 1468 ah
1053 1432 1085 1468 eo
1108 1417 1228 1469 uirtutis
1251 1417 1375 1485 occipere

221 1488 329 1555 solitus,
348 1488 498 1540 mi'seratus
513 1489 590 1540 tanti
605 1489 667 1541 uiri
682 1503 738 1540 non
756 1487 872 1558 culpae,
880 1488 930 1540 sed
944 1487 1083 1541 libertatis
1095 1490 1203 1556 poenas
1215 1486 1375 1555 pendenti's,

221 1573 359 1611 uenenum
372 1559 400 1611 ei
409 1559 441 1611 in
453 1558 575 1610 remedia
587 1558 794 1611 calamitatium
806 1558 890 1611 dedit.
928 1556 1013 1625 Diog.
1028 1557 1059 1610 L.
1072 1573 1098 1609 v.
1114 1568 1127 1624 5
1141 1555 1226 1622 Δόξαι
1236 1553 1375 1627 Ἑρμολάῳ

223 1649 258 1680 σν
277 1627 460 1696 μετεσχηκέναι
477 1630 523 1694 τῆς
540 1628 576 1682 εἷς
588 1628 705 1694 Αλέξανδ
722 1649 751 1680 ον
764 1627 905 1694 ἐπιβουλῆς
923 1627 952 1680 έν
970 1626 1064 1694 σιδηρᾷ
1077 1624 1215 1696 περιέργετο
1232 1627 1374 1696 γαλεάγρᾳ,

221 1650 346 1763 φθέιριῶν
370 1698 411 1750 καὶ
434 1696 583 1763 ἀκόμιστος·
616 1699 656 1750 καὶ
680 1649 757 1752 τέλος
779 1697 864 1751 λέοντι
887 1696 1063 1765 παραβληθεὶς
1087 1694 1154 1749 οὕτω
1185 1697 1373 1776 κατέστρεψεν.

223 1767 333 1824 Similia
352 1766 455 1821 Suidas
473 1784 496 1821 s.
506 1785 533 1834 u,
552 1768 739 1835 Καλλισθένης.
776 1768 834 1822 Sed
853 1768 1019 1821 Plutarchus
1038 1767 1117 1821 Alex.
1133 1778 1173 1834 55,
1186 1765 1323 1820 Arrianus
1336 1783 1373 1821 iv.

226 1852 267 1903 14,
282 1836 393 1891 Curtius
406 1836 462 1892 viii.
476 1838 492 1891 8
505 1837 561 1891 alia
574 1847 601 1892 et
614 1838 724 1892 ueriora
735 1838 859 1906 tradunt,
874 1838 1065 1892 Callisthenen
1084 1846 1132 1890 aut
1149 1845 1214 1905 post
1231 1845 1374 1890 tormenta

223 1924 392 1976 suspensum
413 1906 508 1975 fuisse,
530 1917 578 1962 aut
599 1908 725 1963 uinctum
743 1918 771 1963 et
789 1925 854 1962 cum
872 1907 995 1962 exercitu
1012 1909 1067 1960 huc
1085 1906 1151 1960 illuc
1169 1905 1373 1974 circumlatum,

224 1977 316 2031 donec
337 1977 437 2031 inorbo
459 1977 580 2047 perierit.
618 1980 706 2033 Grote
727 1978 802 2032 Hist.
824 1979 857 2031 os
873 1980 981 2032 Greece
993 1977 1038 2032 xii.
1056 1994 1085 2058 p.
1099 1991 1160 2043 302.
1199 1977 1280 2030 Idem
1307 1993 1373 2046 sup-

223 2047 339 2118 plicium
361 2064 466 2102 caueae
487 2048 547 2103 siue
565 2050 711 2117 γαλειιγρᾶς
728 2066 878 2118 perpessus
897 2059 940 2102 est
961 2065 979 2102 a
998 2047 1168 2116 Lysimacho
1183 2047 1374 2116 Telesphorus

225 2119 296 2172 Plut.
311 2118 347 2171 de
360 2117 431 2171 Exil.
445 2117 499 2185 xvi,
512 2118 614 2172 Athen.
628 2120 689 2186 616,
704 2120 769 2174 Seii.
782 2119 818 2172 de
833 2121 879 2173 Ira
891 2118 929 2172 iii.
945 2131 984 2184 17.
1020 2125 1057 2172 ut
1068 2116 1129 2171 ille.
1163 2117 1288 2171 Celebris
1301 2117 1375 2187 inter

224 2187 376 2256 scriptores
394 2204 470 2241 mors
491 2188 678 2243 Callisthenis.
716 2188 781 2243 Fuit
801 2188 990 2258 Theophrasti
1011 2188 1082 2242 liber
1103 2187 1252 2257 singularis
1275 2190 1375 2240 Καλλι-

224 2257 318 2324 σθένης
335 2256 350 2324 ἢ
369 2257 429 2326 περὶ
446 2256 554 2312 πένθους
574 2258 669 2328 (Diog.
687 2260 718 2313 L.
735 2278 759 2313 v.
779 2273 822 2327 44,
842 2262 926 2314 Tusc.
947 2259 1029 2328 Disp.
1049 2258 1087 2312 iii.
1108 2273 1146 2311 10.
1167 2273 1209 2325 21,
1227 2276 1253 2311 v.
1272 2272 1297 2326 9.
1317 2257 1374 2326 25).

224 2328 290 2382 Sen.
306 2328 343 2381 N.
358 2328 391 2395 Q.
402 2327 436 2382 vi.
448 2342 482 2396 23
495 2329 532 2382 Si
542 2330 703 2399 qui'dapud
711 2335 738 2382 te
744 2330 909 2399 profecturo
920 2331 1032 2383 testium
1045 2328 1129 2382 turha
1139 2335 1181 2382 est
1189 2349 1200 2382 .·
1216 2327 1290 2382 hanc
1300 2330 1376 2381 enim

226 2397 410 2452 Callisthenes
423 2399 534 2467 prohat,
552 2414 609 2451 non
627 2404 799 2522 contemptus
816 2401 871 2453 uir.
906 2401 972 2469 suit
982 2400 1057 2454 enim
1069 2399 1118 2453 illi
1127 2399 1217 2453 nobile
1228 2400 1376 2468 ingenium

224 2475 252 2522 ct
260 2468 419 2537 furibundi
435 2470 510 2538 regis
527 2471 685 2539 impatiens.
744 2472 771 2524 ic
784 2475 825 2524 est
835 2470 1001 2524 Alexandm'
1016 2471 1121 2523 crimen
1139 2474 1283 2522 aeternum
1301 2469 1381 2538 quod

225 2539 308 2592 nulla
321 2538 423 2605 uirtus,
436 2539 519 2592 nulla
531 2540 664 2594 bellorum
668 2539 796 2609 felicitas
807 2541 930 2594 redimet.
1003 2543 1074 2593 520.
1092 2542 1167 2594 Non
1179 2541 1376 2603 profecturae

226 2607 376 2678 quominus
395 2619 557 2664 moreretur.
595 2611 636 2662 M.
655 2609 692 2663 vi.
709 2611 758 2664 261
784 2612 905 2664 Vltimus
921 2611 1047 2665 lli'oneus
1064 2627 1121 2664 non
1135 2611 1299 2680 profectura
1310 2614 1376 2679 pre·

226 2679 314 2732 condo
326 2678 452 2732 Brachia
462 2681 624 2748 sustulerat,
637 2679 693 2735 xiii.
703 2695 762 2747 411.
816 2685 959 2735 eonditor
971 2683 1016 2734 Tr.
1031 2680 1058 2735 ii.
1067 2681 1120 2747 416
1131 2681 1244 2733 Eubius
1255 2681 1378 2768 i'npurae

226 2750 356 2803 conditor
364 2749 506 2805 historiae.
542 2749 693 2805 historiae
711 2751 863 2805 Alexandri
882 2769 975 2805 rerum
993 2761 1145 2820 gestarum,
1164 2755 1214 2803 τῶν
1232 2770 1278 2803 κατ
1300 2749 1376 2803 Ἀλέ-

227 2819 344 2889 ξανδρον.
384 2819 441 2874 Cic.
451 2820 487 2874 de
498 2821 576 2876 Orat.
587 2821 615 2874 ii.
627 2836 667 2887 14.
679 2823 711 2889 58
723 2823 794 2875 Post
804 2822 839 2874 ab
850 2823 1004 2876 Amhtotele
1014 2820 1181 2891 (μιαίνεται)
1193 2819 1377 2874 Callisthenes

226 2907 314 2943 comes
321 2890 487 2944 Alexandri
495 2893 610 2962 scripsit
619 2891 775 2945 histom'am.
813 2893 856 2945 Et
866 2891 913 2945 hic
923 2892 1034 2961 quidem
1046 2891 1182 2945 rhetorico
1190 2895 1281 2961 paene
1292 2908 1376 2945 more.

227 2959 423 3028 (Abstemius).
478 2963 542 3015 521.
562 2967 725 3027 repertori.
751 2965 840 3017 Recte
852 2962 1053 3015 Archilochum
1066 2961 1233 3030 intelligunt,
1244 2961 1290 3030 qui
1304 2963 1376 3015 iam·

227 3031 318 3084 hicum
340 3038 461 3085 metrum
478 3033 594 3102 pri'rnus
615 3035 733 3101 inuenit,
752 3035 846 3086 Acron
865 3032 903 3086 ad
923 3033 994 3086 Hor.
1016 3033 1049 3085 A.
1071 3033 1102 3084 P.
1122 3044 1156 3100 79
1173 3031 1377 3086 Archilochum

222 3102 344 3170 proprio
362 3103 452 3155 rahier
470 3104 598 3156 armauit
614 3104 713 3169 iambo,
733 3103 766 3157 ci.
787 3105 857 3157 Plut.
876 3103 912 3157 de
931 3105 1007 3157 Mus.
1020 3101 1123 3166 xxviii;
1142 3101 1271 3171 quamuis
1289 3102 1376 3156 etiarn

228 3171 367 3225 Simonidi
375 3171 531 3240 Amorgino
544 3172 573 3226 id
586 3190 603 3227 a
614 3173 755 3227 nonnullis
771 3173 943 3229 adtributum
957 3172 1032 3226 dicat
1043 3172 1146 3226 Suidas
1159 3189 1214 3226 su.
1228 3172 1377 3239 Σιμωνίδης,

227 3242 368 3310 Anonym.
389 3259 433 3311 ap.
452 3243 584 3297 Welcker
602 3242 630 3296 in
650 3246 725 3298 Mus.
745 3245 837 3299 Rhen.
853 3245 918 3312 1835
937 3260 965 3312 p.
979 3255 1030 3311 354
1050 3242 1144 3310 (Mure
1164 3242 1230 3296 Crit.
1252 3242 1326 3296 Hist.
1348 3243 1382 3296 oi

228 3312 337 3366 Greece
350 3311 388 3364 iii.
402 3329 429 3381 p.
442 3312 517 3381 173);
535 3313 701 3368 Aristoteles
715 3324 809 3369 autern
823 3316 901 3369 Poet.
915 3314 943 3368 iv
957 3313 1083 3367 iambum
1100 3314 1227 3366 naturale
1240 3312 1376 3381 quiddam

227 3392 256 3435 et
269 3399 303 3436 ex
315 3382 457 3452 loquendo
470 3383 550 3452 quasi
564 3394 664 3452 sponte
677 3395 768 3438 ortum
782 3395 904 3439 censeat.
940 3387 1099 3449 pugnacis.
1125 3385 1196 3437 Hor.
1205 3383 1296 3451 Epod.
1308 3383 1334 3437 6.
1345 3399 1374 3436 11

227 3453 259 3504 in
272 3453 361 3506 malos
372 3456 546 3522 asperrimus
557 3455 668 3507 Parata
679 3456 747 3509 tollo
759 3472 864 3509 cornua
883 3455 984 3523 Qualis
995 3455 1148 3523 Lycambae
1164 3456 1275 3522 spretus
1290 3454 1379 3522 infido

223 3539 319 3602 gener.
359 3522 405 3576 Sic
420 3525 545 3578 Catullus
557 3525 592 3578 xl.
607 3538 661 3589 2.4
680 3536 776 3579 monet
795 3525 938 3579 Rauidum
956 3542 992 3579 ne
1011 3535 1090 3578 actus
1109 3540 1245 3593 praeceps
1264 3522 1292 3576 iii
1310 3540 1377 3577 suos

228 3593 338 3646 iambos
357 3594 500 3647 Vecordem
508 3598 595 3664 paret
604 3596 726 3648 excitare
738 3597 840 3650 m'iram.
955 3598 1026 3648 522.
1044 3597 1079 3648 in
1092 3598 1224 3648 exitium
1236 3609 1328 3662 neque
1340 3594 1377 3648 de

227 3663 399 3716 Archilocho
412 3664 466 3717 hoc
479 3664 613 3718 traditum
625 3681 717 3735 neque
731 3665 877 3719 Simonide
891 3684 897 3719 :
916 3682 983 3719 nam
996 3665 1032 3720 de
1046 3664 1199 3719 Simonidis
1216 3673 1306 3718 morte
1319 3680 1377 3718 non

229 3742 349 3800 constat,
362 3734 562 3788 Archilochum
576 3734 605 3788 in
617 3751 713 3803 pugna
724 3735 836 3789 necauit
848 3736 998 3804 Calondas‚
1012 3735 1179 3805 cognomine
1194 3737 1293 3803 Corax,
1303 3743 1377 3789 teste

229 3801 326 3869 Suida,
339 3803 368 3855 h.
378 3819 402 3856 e.
416 3813 445 3857 ut
464 3804 582 3872 uidetur,
596 3805 723 3873 Aeliano,
737 3805 771 3858 cf.
787 3807 859 3858 Plut.
877 3806 913 3860 de
933 3807 1003 3859 Sera
1017 3809 1103 3859 Num.
1116 3805 1201 3859 Vind.
1214 3804 1279 3858 xvii.
1319 3804 1378 3858 Sed

226 3871 347 3925 fortasse
366 3873 529 3928 recordatus
548 3884 591 3928 est
609 3885 694 3943 poeta
712 3884 811 3929 notum
829 3875 898 3929 illud
916 3876 1078 3930 Archilochi
1096 3876 1199 3945 τέττιγα
1216 3879 1262 3929 τοῦ
1283 3879 1378 3944 πτεροῦ

227 3941 388 4020 συνείληφας
401 3941 528 4009 (Lucian.
542 3945 671 3999 Pseudol.
686 3944 706 4013 i)
719 3946 796 4026 quod
814 3945 838 3999 is
858 3946 886 4000 in
905 3946 1121 4000 maledicentem
1139 3945 1192 3999 sibi
1210 3945 1247 3998 ob
1259 3943 1377 3998 nimiam

227 4019 410 4078 asperitatem
429 4013 584 4068 carminum
603 4016 689 4069 fertur
706 4015 811 4070 dixisse
825 4035 831 4070 :
850 4034 918 4070 narn
930 4027 960 4070 ut
974 4017 1073 4071 cicada
1085 4016 1108 4070 si
1122 4017 1181 4070 alas
1194 4014 1377 4086 prehenderis

228 4079 357 4150 quamuis
376 4081 412 4136 sit
430 4092 531 4138 natura
549 4084 757 4154 loquacissima,
776 4086 806 4140 fit
825 4089 1002 4156 apprehensa
1020 4086 1172 4156 loquacior,
1189 4086 1230 4140 sic
1248 4085 1377 4139 Archilo-

227 4150 306 4217 chus,
324 4167 388 4204 cum
407 4162 508 4209 natura
525 4164 600 4209 esset
619 4155 825 4224 acerbissimus,
844 4157 929 4212 etiam
948 4157 1076 4212 acerbior
1094 4155 1253 4225 corripienti
1273 4156 1378 4222 fiebat;

227 4236 300 4345 guae
325 4222 493 4289 proteruitas
517 4221 629 4294 linguae
653 4242 711 4279 non
733 4225 834 4280 mirum
855 4226 879 4281 si
901 4227 929 4281 in
951 4227 1066 4282 exitium
1088 4227 1176 4297 ipsius
1197 4243 1215 4280 a
1235 4226 1378 4280 nonnullis

249 4292 387 4360 ngehatur
411 4293 558 4363 exarsisse,
584 4296 823 4364 quemadmodum
848 4297 947 4352 cicada
970 4297 1171 4367 prehendentis
1196 4296 1267 4351 iram
1291 4296 1320 4350 in
1346 4313 1377 4352 se

227 4361 317 4417 irritat
330 4362 420 4433 magis
437 4363 584 4434 magisque
600 4366 776 4436 obstrepens.
813 4370 851 4422 Et
865 4368 1004 4423 Pindarus
1017 4368 1084 4422 dicit
1099 4365 1222 4436 Pythii.
1238 4378 1278 4434 55,
1292 4383 1377 4436 quein

228 4431 321 4487 locum
343 4432 434 4489 attulit
456 4434 588 4505 Saluagn.
610 4431 687 4489 Εἶδον
705 4437 755 4507 γὰρ
776 4437 834 4493 έκὰς
854 4439 902 4492 ibi
920 4439 952 4492 τὰ
971 4437 1049 4492 πόλλ’
1070 4438 1097 4490 έν
1116 4436 1244 4505 ἀμαχανίᾳ
1262 4439 1379 4508 Ψογερὸν
