3038 5010
233 387 290 442 182
689 386 913 447 EXCVRSVS.

229 539 289 594 ἀπό
307 562 398 595 τινων
414 547 534 634 πετρῶν
549 542 678 612 ὑψηλῶν
694 543 804 599 {aurire
821 542 923 613 ῥῖψαι.
959 541 1114 597 Ἀπόλλωνα
1131 542 1160 596 δὲ
1175 542 1217 596 διά
1233 541 1280 610 τὴν
1293 542 1383 597 οἰκειό-

229 632 293 680 τητα
310 613 356 680 τὴν
370 614 436 679 πρδς
452 635 499 682 την
513 613 629 685 ἀδελφὴν
646 615 812 679 ὑπολαβόντα
829 615 875 669 τὰς
889 616 967 685 κόρας
980 613 1017 669 εἷς
1028 615 1074 669 τὰς
1085 613 1114 667 έν
1126 611 1282 684 Χιρῤονὴσῳ
1293 615 1384 668 πόλεις

230 685 399 751 καταστῆσαι·
419 685 460 737 καὶ
472 683 518 752 τὴν
529 685 576 752 μέν
593 683 703 752 ὀνομαζο
724 684 781 753 ένιρι
793 684 926 754 Παρθένον
943 684 972 737 έν
990 685 1135 755 Βουβάστῳ
1152 686 1198 751 τῆς
1215 681 1382 754 Χερῥονὴσον

229 754 304 820 τιμὰς
317 755 386 824 ἔχειν
398 755 439 808 καὶ
450 753 562 823 τέμενος.
600 707 755 808 Μολπαδίαν
767 755 795 808 δὲ
808 757 844 809 είς
855 755 996 819 Κάσταβον
1011 754 1143 808 ἐλθοῦσαν
1159 754 1201 807 διά
1216 755 1263 823 τὴν
1274 753 1326 808 ἀπό
1338 757 1383 822 τῆς

230 828 298 876 Θεοῦ
310 823 447 894 γενομένην
459 825 609 895 ἐπιφάνειαν
624 824 748 893 Ἡμιθέαν
764 825 913 895 ὠνομάσθαι
930 827 970 879 καὶ
986 824 1110 895 τιμάσθω
1125 826 1196 894 παρδ
1211 827 1278 879 πάσι
1289 826 1343 880 τοῖς
1354 825 1384 879 ἐν

229 892 395 966 Χερῤονὴσιρ.

266 964 363 1019 Etiam
380 965 455 1034 apud
472 964 655 1020 Parthenium
671 966 769 1020 Eroti
790 965 945 1021 Hemithea
960 976 988 1020 et
1002 964 1252 1035 Rhoeo.Staphyli,
1266 966 1382 1020 Baccho

229 1033 378 1105 progeniti,
401 1036 475 1090 filiae
497 1036 628 1091 dicuntur
649 1046 677 1091 et
698 1037 726 1090 in
750 1037 877 1091 Bubasto
896 1036 997 1092 Cariae
1018 1037 1183 1102 habitasse;
1208 1053 1381 1118 quamquam

230 1116 325 1160 cetera
342 1122 400 1160 non
418 1118 585 1177 congruunt,
603 1123 668 1161 curn
688 1106 873 1161 Hemitheam
891 1117 972 1177 pater
986 1108 1076 1176 Lyrco
1095 1107 1174 1161 ebrio
1192 1106 1381 1160 concubinam

229 1176 335 1245 fecerit,
364 1177 455 1246 deque
483 1194 517 1232 eo
546 1177 697 1232 concubitu
727 1176 824 1231 inuida
852 1179 952 1232 Rhoeo
979 1186 1126 1248 tamquam
1153 1177 1257 1231 sororis
1284 1176 1381 1231 riualis

230 1246 387 1302 inducatur.
425 1248 483 1302 Sed
499 1247 618 1302 diuersis
636 1247 729 1302 modis
744 1248 870 1303 fabulam
886 1257 1030 1303 narratam
1048 1248 1136 1302 fuisse
1154 1248 1216 1317 ipse
1236 1246 1380 1301 Diodorus

228 1326 367 1373 testatur:
397 1319 479 1372 nobis
498 1318 668 1372 eliciendum
690 1318 833 1388 quomodo
852 1334 917 1372 eam
938 1318 992 1372 sibi
1017 1319 1137 1388 scriptor
1158 1317 1247 1372 Ibidis
1269 1334 1381 1398 reprae-

229 1388 354 1443 sentarit.
384 1391 461 1443 Nam
472 1389 656 1443 Hemitheam
669 1387 786 1457 intelligi
801 1389 936 1456 Lydiam
949 1388 1111 1458 uirginem
1125 1405 1159 1442 eo
1172 1389 1203 1442 fit
1216 1387 1274 1442 ueri
1288 1387 1381 1442 simile

229 1460 307 1528 quod
321 1460 513 1514 Leucotheam
525 1476 623 1513 uersus
642 1458 769 1528 proxime
781 1459 954 1514 antecedens
968 1459 1051 1527 (unus
1064 1460 1116 1528 498
1130 1458 1311 1528 interpositus
1325 1458 1380 1526 est)

229 1529 334 1583 habet:
362 1531 524 1585 Leucothea
543 1539 639 1584 autem
658 1539 686 1583 et
707 1529 861 1583 Hemithea
880 1529 920 1584 ita
938 1529 1011 1584 inter
1029 1546 1060 1583 se
1079 1538 1265 1583 conectuntur
1282 1539 1313 1582 ut
1338 1528 1380 1582 iu·

229 1600 341 1654 terdum
365 1609 484 1670 utroque
505 1599 621 1655 nomine
642 1617 699 1654 una
720 1600 878 1667 denotetur,
903 1600 980 1654 uelut
1000 1598 1088 1654 Tenis
1113 1616 1193 1654 soror
1217 1600 1319 1668 (Tzetz.
1342 1599 1380 1653 ad

231 1671 297 1738 Lyc.
318 1684 378 1739 232,
402 1671 496 1726 Schol.
524 1671 555 1724 ll.
577 1670 593 1724 i.
619 1669 673 1738 38),
700 1669 850 1738 interdum,
874 1669 951 1724 facta
975 1669 1089 1724 alterius
1114 1668 1265 1741 mentione,
1291 1671 1381 1724 altera

229 1750 371 1810 sequatur,
395 1742 472 1795 uelut
497 1757 541 1810 ap.
568 1741 634 1809 Lyc.
660 1755 721 1808 229,
746 1755 798 1808 23²
823 1739 871 1794 ubi
899 1750 963 1810 post
993 1740 1138 1794 inductum
1169 1741 1379 1807 Palaemonem,

231 1812 409 1866 Leucotheae
425 1811 521 1880 filium,
538 1810 672 1865 transitus
692 1812 722 1864 fit
742 1811 779 1864 ad
793 1813 891 1864 Tenen
906 1810 1153 1881 Hemitheamque.
1193 1811 1274 1864 Idem
1293 1809 1380 1864 etiam

229 1881 296 1936 alibi
314 1882 397 1937 fecit:
418 1881 458 1936 sic
475 1880 621 1950 aCrotopi
642 1880 698 1934 filio
717 1880 788 1934 Lino
807 1880 941 1935 transitus
961 1881 991 1935 fit
1010 1881 1047 1935 ad
1064 1879 1167 1950 Oeagri
1183 1881 1380 1950 Calliopesque

228 1969 330 2006 nurum
349 1951 528 2021 Eurydicen:
556 1953 684 2020 Oeagrus
703 1962 799 2006 autem
819 1961 846 2006 et
868 1951 994 2021 Calliope
1015 1951 1116 2005 Linum
1135 1961 1162 2006 et
1183 1952 1298 2020 Orphea
1316 1967 1379 2020 pro·

228 2033 385 2091 genuerunt
400 2022 542 2091 (Apollod.
556 2022 571 2077 i.
587 2037 611 2090 3.
626 2022 661 2090 2).

264 2095 371 2148 Versus
385 2092 473 2147 lbidis
486 2092 515 2146 hi
529 2103 594 2147 sunt

443 2162 524 2217 Lidia
543 2180 573 2217 se
592 2163 716 2232 scopulis
735 2173 764 2217 ut
784 2163 863 2233 uirgo
882 2162 958 2217 misit
977 2163 1013 2217 ab
1032 2162 1096 2217 altis

478 2233 595 2288 Dixerat
609 2233 714 2288 inuicto
728 2233 839 2302 (inuito)
854 2249 926 2303 quae
939 2234 1014 2287 mala
1027 2233 1115 2288 uerba
1127 2233 1188 2288 deo.

229 2302 275 2357 Ad
287 2320 361 2373 quae
380 2304 474 2358 Schol.
490 2305 512 2358 C
531 2313 559 2358 et
578 2305 639 2358 Ask
657 2304 759 2357 Lideae
776 2305 905 2374 uirgines
922 2305 1048 2358 conuitio
1060 2303 1170 2358 Baccho
1184 2305 1341 2374 ingerentes
1352 2309 1381 2358 et

219 2375 331 2444 festum
349 2375 409 2426 eius
422 2374 611 2444 profanantes
622 2375 744 2428 nimium
758 2377 843 2443 potae
855 2375 888 2427 de
900 2374 1021 2443 quodum
1034 2380 1126 2428 monte
1138 2376 1379 2444 praecipitarunt,

229 2449 264 2498 ut
280 2446 325 2499 ait
343 2445 466 2498 Gallus:
484 2444 560 2498 unde
580 2444 660 2514 quasi
679 2461 714 2498 ex
731 2443 810 2498 fumo
828 2444 951 2498 scintilla
969 2445 1109 2514 quaedam
1129 2445 1261 2514 perlucet.
1300 2447 1379 2499 Nam

228 2516 305 2584 quod
330 2513 399 2568 dixit
424 2516 559 2585 uirgines,
583 2531 641 2568 non
666 2516 816 2585 uirginem,
840 2515 914 2569 bene
939 2515 976 2568 ad
1002 2514 1185 2570 Hemitheam
1214 2525 1242 2570 et
1266 2531 1379 2569 sorores

228 2585 352 2640 reseras:
371 2601 425 2639 nec
443 2586 517 2639 male
535 2587 642 2640 inuicto
660 2586 710 2639 deo
727 2584 764 2639 de
783 2586 897 2639 Baccho
916 2583 1115 2654 interpreteris,
1134 2585 1169 2640 cs.
1187 2587 1254 2639 Eur.
1272 2586 1377 2640 Bacch.

228 2668 279 2725 975
300 2659 314 2708 ό
332 2654 442 2722 νικήσων
461 2654 484 2708 δ’
501 2656 553 2726 ἐγὼ
572 2657 621 2708 Καὶ
639 2657 749 2724 Βρόμιος
766 2655 850 2719 ἔσται,
866 2667 916 2722 777
934 2657 1061 2709 Διόνυσος
1081 2656 1173 2724 ἥσσων
1192 2655 1294 2710 οῦδενδς
1314 2655 1379 2709 θεῶν

227 2728 288 2795 ἔφυ,
303 2727 429 2780 Macrob.
443 2725 460 2780 i.
477 2740 509 2794 19
516 2727 647 2796 plerique
659 2727 792 2780 Liberum
809 2743 872 2780 cum
884 2727 983 2780 Marte
998 2727 1180 2797 coniungunt,
1194 2742 1283 2779 unum
1295 2727 1379 2780 deum

226 2814 284 2850 esse
300 2803 508 2852 monstrantes:
526 2798 600 2851 unde
617 2796 746 2851 Baccleus
761 2794 894 2850 Ἐνυάλιος
910 2798 1129 2866 cognominatur
1145 2838 1151 2852 .
1224 2813 1340 2850 necnon
1351 2801 1380 2850 et

226 2868 307 2922 color
329 2869 400 2936 ueni,
425 2869 506 2921 cuius
529 2869 616 2922 Liber
632 2871 720 2938 pater
742 2872 911 2934 auctorest,
940 2870 1021 2936 saepe
1043 2866 1168 2921 homines
1191 2867 1232 2921 ad
1243 2868 1378 2937 furorem
1439 2886 1443 2891 ·

228 2939 356 2992 bellicum
369 2954 456 3007 usque
463 2939 603 3008 propellit
615 2979 621 2993 .
634 2975 642 2991 .
656 2976 663 2990 .
676 2939 757 2991 Hine
767 2940 853 2992 etiam
865 2937 952 2990 Liber
957 2941 1045 3008 pater
1055 2938 1190 2992 bellorum
1199 2941 1298 3008 potens
1309 2941 1378 3008 pro-

227 3009 320 3077 batur,
332 3009 411 3078 quod
418 3025 481 3062 eum
487 3011 619 3079 primurn
631 3007 780 3062 ediderunt
790 3012 930 3061 auctorem
942 3006 1091 3077 triumplu.

265 3081 327 3133 Iam
346 3080 461 3134 attende
475 3095 560 3148 quam
573 3079 670 3133 dextre
688 3077 842 3132 narrationi
856 3077 976 3132 Diodori
995 3084 1096 3147 poetae
1114 3079 1202 3132 uerba
1218 3095 1249 3133 se
1266 3095 1378 3133 accom-

228 3150 352 3204 modent.
392 3152 458 3203 Non
472 3149 548 3203 enirn
560 3159 667 3205 temere
684 3166 720 3203 ne
735 3148 804 3202 illud
819 3147 934 3218 quidem
951 3148 1054 3203 accidit
1071 3149 1148 3218 quod
1166 3148 1260 3218 uirgo
1278 3149 1306 3203 in
1322 3150 1377 3203 hoc

227 3237 284 3273 uno
301 3237 384 3274 uersu
403 3219 493 3274 Ibidis
510 3219 645 3289 scriptum
662 3229 713 3274 est.
751 3218 822 3289 Quis
837 3218 913 3272 enim
930 3218 1039 3273 dubitet
1058 3219 1241 3273 Hemitheam
1258 3237 1276 3273 a
1292 3225 1378 3288 po'e'ta

227 3291 400 3359 Parthenon,
419 3307 476 3344 non
498 3290 683 3359 Molpadiam‚
702 3288 865 3358 designari?
906 3290 983 3343 Sane
1007 3289 1150 3343 Diodorus
1169 3289 1254 3343 tradit
1274 3289 1377 3343 Hemi-

227 3361 311 3414 theae
323 3361 439 3415 nomine
453 3361 630 3430 Molpadiam
642 3359 796 3415 uocitatam
811 3359 898 3414 fuisse
910 3376 917 3427 3
936 3359 1076 3414 sedidem
1090 3359 1199 3413 addidit
1214 3361 1376 3414 Parthenon

227 3433 259 3485 in
279 3432 402 3486 Bubasto
424 3432 518 3485 lucum
540 3432 645 3485 habere
666 3440 694 3485 et
711 3432 801 3485 cultus
820 3430 949 3484 diuinos:
977 3430 1053 3484 unde
1072 3430 1170 3484 credas
1192 3430 1377 3485 Hemitheam

228 3502 395 3556 Bubastiam
406 3503 514 3571 (Parth.
525 3503 603 3556 Erot.
615 3501 634 3570 i)
645 3503 732 3555 modo
744 3500 835 3569 huius,
849 3501 935 3554 modo
948 3500 1030 3554 huius
1044 3517 1195 3569 personam
1208 3500 1377 3570 suscepisse.
1417 3565 1421 3570 ,

228 3573 313 3642 Quod
325 3572 448 3641 uirgines
463 3573 606 3626 Diodorus
622 3571 707 3627 tradit
725 3580 803 3626 metu
816 3569 966 3641 repertoris
980 3570 1108 3639 Staphyli
1121 3587 1153 3624 se
1165 3570 1376 3640 praecipitasse,

227 3649 312 3712 pocta
330 3653 445 3713 propter
463 3643 573 3711 ingesta
595 3643 710 3696 Baccho
732 3641 869 3710 conuicia,
891 3641 971 3695 uides
991 3658 1080 3710 parua
1101 3658 1165 3695 esse
1185 3641 1286 3710 quibus
1305 3658 1323 3696 a
1344 3659 1376 3696 se

227 3713 366 3782 differant,
377 3730 463 3766 unum
475 3714 550 3793 quod
563 3713 701 3767 ambobus
710 3712 746 3768 sit
758 3729 909 3766 commune
921 3711 950 3765 in
965 3728 1000 3765 eo
1013 3711 1083 3764 uerti
1096 3710 1200 3780 omnia,
1213 3721 1243 3766 ut
1253 3728 1377 3783 poenam

226 3783 369 3837 sororibus
383 3783 505 3837 intulerit
519 3783 543 3836 is
556 3801 573 3837 a
586 3786 642 3853 q'uo
654 3782 751 3837 uinum
763 3793 905 3852 repertum
918 3791 969 3836 est.

264 3853 449 3908 Hemitheam
461 3848 583 3920 Lydiam
595 3870 697 3907 uocare
708 3853 812 3922 duplici
825 3853 912 3906 modo
924 3850 1024 3921 potuit,
1034 3850 1094 3906 siue
1104 3851 1180 3920 quod
1193 3851 1248 3904 hoc
1260 3849 1376 3904 nomine

227 3924 311 3977 urbes
329 3923 446 3977 Caricae
464 3940 678 3993 nonnumquam
697 3923 881 3992 designantur
899 3932 929 3976 ut
945 3923 1053 3977 Tralles
1073 3938 1117 3991 ap.
1138 3922 1237 3991 Steph.
1256 3923 1330 3989 Byz,
1347 3931 1377 3975 et

227 3994 303 4063 quod
322 3993 496 4047 Maeandrus
514 4003 662 4064 utramque
679 3993 824 4062 regionem
843 3993 985 4061 Lydorum
1002 4009 1036 4046 ac
1054 3994 1158 4047 Carum
1177 3991 1297 4062 perfluit,
1315 3989 1376 4045 siue

228 4062 334 4118 Bacchi
353 4073 492 4133 respectu,
511 4064 590 4118 cuius
609 4065 708 4131 cultuS,
727 4074 755 4118 ut
775 4063 874 4118 uitium
893 4062 1043 4132 repertoris
1062 4079 1096 4116 ac
1115 4062 1183 4130 uini,
1199 4062 1237 4117 ad
1256 4061 1376 4130 Lydiam

226 4133 340 4203 saepius
353 4135 479 4188 refertur.
513 4134 560 4189 Sic
574 4137 641 4188 Eur.
656 4137 739 4189 Bacc.
754 4149 784 4201 13
798 4135 927 4187 Bacchus
941 4134 977 4188 de
990 4150 1021 4187 se
1034 4132 1132 4188 dicens
1145 4135 1233 4187 Λιπὼν
1245 4131 1273 4186 δὲ
1286 4131 1377 4185 Λυδῶν

225 4205 285 4260 τοῦς
305 4203 490 4274 πολυχρύσους
507 4204 578 4275 γύας,
602 4218 632 4273 55
654 4205 782 4259 Bacchas
804 4206 950 4274 alloquens
971 4201 1054 4270 Ἀλλ’,
1074 4203 1096 4256 d)
1114 4205 1241 4257 λιποῦσαι
1259 4204 1376 4272 Τμῶλον,

225 4276 306 4345 ἔρυμα
324 4275 426 4341 Λυδίας,
440 4277 537 4330 θίασος
553 4276 622 4343 ἐμὸς,
634 4278 768 4345 γυναῖκεςε
791 4274 831 4328 sic
845 4275 880 4329 de
900 4291 930 4328 se
949 4273 1017 4343 ipsis
1032 4274 1163 4328 Bacchae
1175 4274 1210 4340 64
1222 4272 1313 4328 Ἀσίας
1324 4272 1377 4327 άπὸ

225 4348 300 4416 γαίας
319 4344 399 4416 Ἰερδν
419 4347 528 4413 Τμῶλον
547 4346 684 4415 ἀμείψασα
706 4346 788 4411 θοάζω
810 4345 912 4414 Βρομία
932 4349 1011 4398 πόνον
1032 4344 1103 4411 ἡδῦν,
1123 4344 1158 4398 cf.
1181 4357 1249 4412 1533
1276 4342 1317 4396 sic
1338 4342 1377 4397 de

226 4417 342 4471 Baccho
353 4416 495 4471 Pentheus
508 4416 581 4481 ξένος
592 4418 665 4484 rins,
673 4416 772 4486 ἐπῳδὸς
783 4416 876 4470 Λυδίας
888 4398 939 4470 άπὸ
951 4413 1053 4485 χθονός.
1074 4414 1121 4469 Sic
1133 4414 1278 4482 Diogenes
1291 4413 1376 4494 tragi-

226 4504 275 4543 cus
294 4504 340 4557 ap.
353 4488 457 4542 Athen.
470 4487 523 4554 636
536 4486 614 4541 Κλόω
633 4488 661 4540 δὲ
674 4486 758 4541 Λυδὰς
770 4487 881 4557 Βακχιάς
892 4509 920 4540 τε
936 4483 1078 4554 παρθένους
1096 4485 1165 4539 dixit
1178 4503 1184 4553 ;
1213 4484 1254 4539 sic
1268 4485 1376 4539 Statius
