3038 5010
188 395 244 451 ne
292 474 296 481 Ι
648 383 871 451 axcvnsvs.

220 545 267 600 Ad
280 548 348 600 325.
368 547 476 614 thue
493 542 595 607 †Milo
614 545 673 599 sub
693 563 755 616 quo
775 545 924 601 cruciata
942 553 992 600 est
1010 532 1108 608 trita
1126 553 1269 615 tyranno

405 615 509 669 Viuus
528 615 560 668 in
579 618 728 670 occultas
747 616 985 686 praecipiteris
1004 633 1114 687 aquas.

222 686 298 740 Mira
316 685 344 739 in
363 684 407 739 his
426 686 553 740 uersibus
572 686 694 741 uarietas
712 687 875 757 scripturae.
913 689 990 742 Nam
1007 704 1058 756 pro
1070 686 1147 741 Milo
1163 686 1240 756 quod
1258 686 1335 740 exhi-

185 757 253 812 bent
267 756 401 826 plerique,
414 755 443 809 in
457 757 596 811 Vaticano
615 766 657 811 est
670 759 758 825 nullo,
772 757 801 811 in
814 757 1028 812 Vindobonensi
1042 758 1123 812 mala.
1157 757 1270 812 Deinde
1283 775 1335 827 pro
1411 770 1416 777 ·

185 829 308 953 &levat
326 828 412 881 habet
430 845 506 897 qua3
528 826 650 897 denique
666 845 718 898 pro
728 830 797 899 pisa
809 829 855 884 ucl
868 832 943 899 pyra
959 831 982 882 F
995 828 1081 883 habet
1094 830 1166 898 insa,
1178 830 1235 882 Vat
1250 832 1335 898 pyra,

252 915 322 951 ama.

223 967 288 1021 Dixi
307 967 335 1021 in
351 977 447 1022 annot.
465 967 502 1021 ad
518 969 570 1022 loc.
588 985 672 1037 posse
691 971 875 1023 Etruscorum
893 967 1043 1038 significari
1064 966 1168 1024 Pisam.
1207 968 1291 1038 Quod
1310 967 1334 1022 si

186 1055 252 1093 uere
266 1037 399 1106 conclusi,
409 1039 528 1092 fortasse
541 1040 596 1092 huc
609 1048 739 1108 spectant
753 1056 825 1110 quae
838 1057 881 1109 ap.
895 1040 1075 1093 Plutarchum
1089 1041 1219 1109 leguntur
1233 1040 1332 1093 Parall.

185 1109 220 1163 xl.
233 1107 338 1164 Ἀννιος
359 1109 386 1163 δέ
405 1107 527 1162 Τούσκων
543 1108 678 1176 βασιλεύς,
696 1109 763 1180 ἔχων
786 1108 913 1198 θυγατέρα
937 1111 1078 1179 εὔμορφὸν,
1098 1113 1209 1177 τοῦνομα
1230 1111 1334 1178 Σαλίαν,

184 1179 313 1248 παρθένον
335 1178 426 1247 ἐτήρει.
464 1179 580 1247 Κάθητος
598 1177 621 1232 δ’
638 1180 667 1232 εἰι
684 1186 735 1234 τῶν
752 1181 885 1267 ε’πισημων
903 1180 965 1234 ίδὼν
982 1181 1027 1246 τὴν
1044 1180 1172 1248 παρθένον
1192 1181 1335 1245 παίζουσαν

184 1247 286 1319 ἠράσθη
303 1249 344 1302 καί
360 1250 394 1318 μὴ
410 1249 511 1319 στέγων
527 1249 628 1318 ἥρπασε
643 1250 684 1303 καί
699 1247 761 1320 ἦγεν
774 1251 810 1305 εἷς
831 1253 926 1319 Ρὼμην.
963 1253 977 1303 ὁ
995 1251 1022 1303 δὲ
1036 1250 1120 1318 πατὴρ
1139 1250 1275 1317 ἐπιδιώξας
1293 1251 1334 1304 καὶ

185 1321 219 1389 μὴ
237 1322 387 1385 συλλαβών,
399 1319 481 1387 ἥλατο
497 1319 533 1375 είς
550 1322 595 1374 τὸν
607 1320 769 1390 Παρεούσιον
785 1323 908 1390 ποταμόν,
922 1319 949 1376 ὃς
965 1317 1056 1374 Ἀνίων
1072 1321 1257 1390 μετωνομάσθη
1271 1339 1278 1376 :
1296 1330 1334 1383 Ιιιι

185 1390 337 1459 legendum
356 1390 513 1460 sitthue
532 1390 626 1457 Anio,
640 1393 790 1445 occultas
810 1400 904 1446 autem
924 1408 1026 1462 aquas
1046 1390 1185 1461 intelligas
1205 1392 1240 1446 de
1259 1413 1334 1445 κατα-

184 1464 263 1531 ράκτη
276 1459 306 1514 δν
316 1464 385 1515 ποιεῖ
395 1463 498 1515 πλωτὸς
509 1460 545 1513 ὣν
556 1463 571 1513 ὁ
582 1458 673 1514 Ἀνίων
685 1459 732 1532 ἀφ’
744 1461 830 1531 ὕψους
845 1464 960 1532 μεγάλου
978 1462 1141 1516 καταπίπτων
1158 1462 1193 1517 είς
1209 1463 1336 1533 φάραγγα

184 1531 292 1598 βαθεῖαν
304 1533 344 1584 καί
357 1533 472 1598 καταλσῆ
487 1531 592 1599 (Strab.
606 1531 678 1599 238).

223 1603 308 1656 Hanc
319 1602 444 1656 fabulam
457 1601 497 1656 ita
509 1601 689 1656 coniunctam
706 1601 874 1656 crediderim
891 1620 956 1657 cum
973 1603 1061 1657 altera
1074 1611 1104 1656 ut
1117 1601 1145 1656 in
1159 1618 1246 1655 unum
1260 1602 1334 1656 coal-

185 1671 285 1727 uerint.
322 1674 375 1726 Est
393 1681 488 1726 autem
507 1673 578 1726 haec
597 1674 685 1726 altera
703 1673 738 1727 de
757 1673 881 1742 muliere,
895 1690 980 1742 quam
997 1672 1082 1726 uariis
1101 1671 1263 1726 nominibus
1282 1686 1334 1742 pro

185 1743 248 1797 loco
266 1743 314 1797 ubi
333 1760 378 1796 res
396 1741 455 1810 geri
475 1743 639 1812 fingebatur,
653 1744 782 1796 Setaeam
796 1746 857 1797 siue
873 1745 957 1797 Seten
973 1743 1050 1812 (Lyc.
1068 1756 1143 1812 1075,
1156 1759 1220 1796 curn
1238 1744 1332 1797 Schol.

187 1813 378 1881 Kinkeliano),
404 1813 530 1867 Caietam
556 1813 659 1882 (Aurel.
685 1814 783 1868 Victor
807 1833 832 1883 x,
858 1831 942 1884 quem
966 1814 1060 1867 locum
1085 1813 1177 1868 attulit
1203 1813 1333 1881 Heynius

186 1882 215 1937 in
235 1885 361 1938 Excursu
380 1884 417 1937 ad
435 1886 505 1937 Aen.
520 1902 544 1938 v.
559 1884 633 1952 604),
652 1885 770 1938 Romam
791 1884 890 1952 (Tzetz.
911 1884 948 1938 ad
968 1885 1034 1952 Lyc.
1051 1896 1125 1952 1075,
1146 1886 1255 1937 Festus.
1275 1901 1332 1937 su.

186 1955 316 2008 Romam.
336 1954 458 2022 Lembos,
477 1956 530 2023 qui
545 1955 710 2024 appellatur
726 1956 898 2023 Heraclides,
917 1957 1062 2009 existimat
1079 1954 1282 2007 reuertentibus
1299 1953 1334 2006 ab

184 2026 241 2079 llio
253 2025 375 2078 Achiuis
390 2024 529 2094 quendam
544 2023 688 2094 (quasdam
703 2025 867 2094 Muellerus)
880 2030 1040 2095 tempestate
1055 2025 1170 2079 deiectas
1186 2026 1217 2077 in
1229 2025 1334 2078 Italiae

185 2097 312 2166 regiones
328 2101 434 2149 secutas
453 2094 560 2148 Tiberis
575 2096 723 2149 decursum
736 2099 900 2166 peruenisse
917 2096 967 2149 ubi
983 2112 1059 2149 nunc
1075 2097 1115 2148 sit
1129 2097 1228 2162 Rama,
1241 2095 1335 2164 ibique

179 2169 301 2235 propter
323 2166 447 2219 taedium
476 2167 670 2236 nauigationis
693 2166 833 2236 impulsas
860 2169 989 2237 captiuas
1016 2167 1184 2219 auctoritate
1207 2167 1335 2235 uirginis

184 2236 331 2290 cm'nsdam
348 2237 527 2305 tempestiuae
544 2238 656 2289 nomine
666 2236 786 2290 Rhames
800 2239 954 2291 incendisse
969 2237 1091 2303 classem,
1104 2235 1270 2289 Aristoteles
1287 2253 1332 2305 ap.

186 2305 306 2373 Dionys.
320 2305 434 2375 Antiqq.
445 2306 463 2358 i.
474 2319 516 2374 72,
530 2306 646 2360 Eusebii
660 2308 762 2361 Chron.
772 2307 787 2361 i.
798 2325 823 2376 p.
837 2321 887 2374 277
902 2307 1034 2375 Schdne),
1042 2306 1127 2360 credo
1140 2305 1226 2360 etiam
1233 2307 1333 2359 Pisam

185 2375 246 2429 siue
265 2377 378 2429 Pissam
398 2377 487 2442 (Seru.
508 2376 545 2429 ad
564 2377 634 2430 Aen.
654 2395 678 2430 sc
700 2376 764 2446 179)
783 2378 932 2432 uocabant.
970 2380 1055 2431 Hanc
1073 2377 1227 2444 mulierem,
1247 2393 1333 2445 quam

186 2447 318 2500 Setaeam
330 2447 461 2515 appellat,
476 2447 643 2516 Lycophron
657 2447 724 2502 dicit
738 2447 805 2502 dum
818 2465 836 2502 a
849 2447 966 2502 Graecis
979 2447 1051 2502 inter
1064 2447 1191 2516 captiuas
1204 2447 1332 2500 Troadas

186 2515 214 2569 in
227 2516 339 2570 ltaliam
352 2516 462 2570 ducitur
474 2516 549 2571 circa
560 2517 679 2586 Sybarin
689 2535 777 2573 naues
790 2518 959 2588 incendisse,
968 2528 996 2573 et
1006 2528 1155 2588 propterea
1168 2517 1197 2571 in
1210 2517 1333 2589 scopulis

184 2595 330 2656 tamquam
348 2603 430 2641 cruce
443 2604 610 2657 suspensam
623 2588 747 2658 periisse.

432 2658 524 2719 Σὴταια
541 2659 648 2726 τλῆμον,
668 2661 712 2713 σοὶ
732 2659 759 2712 δέ
777 2660 842 2730 πρὸς
859 2659 964 2730 πέτραις
981 2660 1062 2730 μόρος

431 2728 525 2795 Μίμνει
543 2729 664 2797 δυσαίων,
683 2730 744 2783 ἔνθα
760 2729 891 2801 γυιοιίχοις
908 2730 998 2786 πέδαις

432 2797 557 2854 Οίκτιστα
574 2800 726 2868 χαλκείῃσιν
743 2800 904 2871 ὦργυιωμένη

431 2871 512 2938 θανῇ,
529 2870 591 2940 πυρί
608 2870 733 2938 φλέξοσα
751 2871 886 2925 δεσποτῶν
903 2872 1010 2934 στόλον,

418 2936 568 3007 Ἐκβλητον
586 2941 710 3006 οἷάζουσα
728 2941 855 3011 Κράθιδος
872 2942 954 2997 aelios

429 3013 568 3082 Τόργυισιν
585 3010 700 3080 αἰώρημα
718 3014 829 3078 φοινίοις
846 3012 930 3081 δέμας.
1110 3074 1113 3080 Δ

221 3083 356 3136 incensas
369 3096 387 3134 a
398 3079 508 3149 uirgine
522 3098 610 3135 naues
628 3081 674 3135 alii
692 3081 758 3136 alibi
771 3084 932 3151 retulemnt,
946 3082 984 3136 ad
997 3081 1114 3137 Crathin
1128 3091 1156 3136 et
1170 3083 1332 3137 Neaethum

185 3152 287 3205 Strabo
306 3151 366 3220 262,
385 3151 423 3205 ad
441 3151 552 3206 Tiberis
572 3151 676 3206 ostium
694 3153 740 3206 uel
759 3152 787 3205 in
807 3153 862 3207 alia
881 3163 961 3222 parte
982 3151 1063 3220 Latii,
1081 3152 1248 3206 Aristoteles
1267 3169 1332 3206 cum

184 3221 337 3276 Heraclide
353 3231 381 3275 et
397 3223 536 3277 Damaste
550 3221 686 3291 Sigeensi,
700 3223 734 3277 cf.
749 3224 820 3278 Plut.
835 3225 945 3278 Romul.
960 3222 977 3288 i,
990 3223 1028 3277 ad
1041 3224 1178 3293 Egestam
1190 3223 1332 3291 Vergilius

183 3301 211 3354 et
231 3291 386 3361 Dionysius
405 3292 519 3363 Antiqq.
533 3292 549 3346 i.
566 3305 606 3361 52,
626 3293 663 3346 ad
683 3292 805 3347 Scionen
825 3294 925 3348 Conon
941 3293 989 3347 xiii
1008 3303 1037 3348 et
1050 3295 1208 3364 Polyaenus
1227 3293 1274 3347 vii.
1287 3307 1331 3364 47,

184 3361 256 3417 Pisis
270 3362 391 3432 denique
406 3363 504 3417 ltaliae
517 3363 633 3417 Seruius
645 3364 683 3417 ad
695 3366 765 3418 Aen.
779 3382 803 3418 rc
821 3377 877 3433 179.

360 3435 423 3486 Hos
436 3451 534 3502 parere
546 3433 643 3488 iubent
655 3434 783 3503 Alpheae
795 3434 903 3504 origine
916 3434 1014 3503 Pisae3

358 3504 433 3558 Vrbs
447 3506 568 3558 Etrusca
580 3504 649 3558 solo.

358 3577 528 3629 Tercentum
541 3574 666 3629 adiciunt
680 3574 771 3643 (mens
784 3574 915 3629 omnibus
927 3592 984 3630 una
997 3574 1144 3645 sequendi)

360 3645 415 3714 Qui
430 3647 547 3700 Caerete
560 3646 654 3714 domo,
668 3646 715 3716 qui
728 3656 793 3701 sunt
807 3646 943 3701 Minionis
956 3646 985 3699 in
998 3646 1081 3715 aruis,

360 3716 398 3769 Et
413 3715 495 3785 Pyrgi
509 3725 627 3783 ueteres,
641 3716 883 3786 intempestaeque
897 3717 1059 3771 Grauiscae.

218 3784 326 3854 Quibus
340 3785 511 3839 conserenda
523 3796 587 3840 sunt
601 3803 673 3855 quae
685 3787 772 3841 habet
787 3788 864 3841 Mela
876 3787 903 3840 ii.
913 3801 945 3854 72
956 3787 1055 3841 Ardea
1062 3787 1239 3840 Laurentum
1250 3785 1332 3840 Ostia

180 3856 254 3909 citra
277 3855 397 3908 Tiberim
417 3859 448 3909 in
470 3855 520 3910 lma
539 3857 625 3910 latere
643 3864 717 3911 sunt.
737 3858 817 3912 ultra
834 3859 929 3928 Pyrgi
943 3857 1022 3911 Ama
1044 3859 1150 3924 (Minio
1171 3856 1330 3926 Cluuerius)

181 3927 315 4048 {astrum
333 3926 450 3979 Nonum
471 3928 624 3981 Gram'scae
641 3927 711 3981 Casa
731 3928 864 3982 Telamon
879 3930 1041 3998 Populonia
1059 3929 1143 3981 Pi'sae
1160 3929 1285 3981 Etrusca
1304 3933 1333 3982 et

194 4012 242 4053 oca
253 4001 280 4048 et
292 3997 414 4048 namma.

198 4065 311 4146 ’Credo
333 4064 417 4146 igitur
434 4065 559 4120 fabulam
580 4065 665 4120 istam
688 4084 743 4149 qua
763 4069 867 4122 Setaea
887 4068 962 4122 cruci
982 4068 1066 4122 affixa
1086 4066 1169 4122 fuerit
1191 4067 1229 4121 ad
1248 4067 1330 4121 Pisas

181 4136 265 4190 simul
290 4153 354 4189 curn
378 4135 509 4189 incendio
534 4137 610 4206 quod
635 4139 759 4191 Trorana
785 4138 886 4192 mulier
908 4138 1022 4193 fecisset
1052 4138 1167 4192 nauium
1198 4137 1331 4192 tralatam

180 4205 284 4331 {¹1⁵ng
302 4215 330 4260 et
341 4206 396 4259 hoc
409 4223 472 4261 esse
489 4207 565 4276 quod
581 4213 666 4276 potita
683 4208 846 4277 significarit
861 4211 988 4264 ammata
1000 4214 1041 4263 est
1051 4211 1130 4278 Pisa,
1143 4209 1189 4262 uel
1201 4218 1232 4262 ut
1244 4217 1288 4262 est
1300 4206 1330 4262 in

208 4317 215 4345 ,
257 4294 327 4330 ama.
1369 4328 1374 4337 s

218 4348 281 4400 Iam
302 4346 424 4401 uidimus
446 4363 509 4402 esse
531 4346 607 4402 iuxta
626 4347 707 4403 Pisas
729 4365 843 4403 amnem
863 4349 1029 4418 Minionem,
1049 4348 1117 4417 siue,
1136 4358 1166 4402 ut
1188 4357 1232 4403 est
1253 4348 1331 4417 apud

183 4419 299 4486 Melam,
312 4417 453 4471 Anionem
467 4437 474 4484 3
492 4435 545 4472 nec
559 4419 661 4473 mirum
674 4429 703 4474 ut
717 4420 802 4487 locos,
817 4419 858 4473 sic
870 4420 987 4474 nomina
999 4420 1028 4473 in
1041 4420 1142 4474 eadem
1155 4420 1250 4473 sabula
1263 4436 1331 4472 con-

182 4487 266 4556 iungi.
298 4490 397 4557 ltaque
407 4488 482 4542 Anio
495 4490 540 4544 uel
555 4489 646 4543 Minio
659 4489 712 4545 iste
725 4490 778 4543 sub
792 4505 855 4560 quo
868 4499 1012 4559 tyranno
1025 4489 1176 4544 cruciata
1189 4499 1240 4545 est
1253 4489 1329 4559 Pisa,
