3038 5010
179 412 239 468 164
589 408 936 471 COMMENTARIVS.

179 564 214 618 lte
225 564 311 635 sodes
331 581 364 618 as
384 583 402 618 a
423 565 519 620 brana
611 568 683 621 602.
701 569 761 634 Sia,
783 566 900 620 absente
922 575 958 630 te,
980 580 1033 619 nec
1054 561 1162 618 sciente
1184 561 1260 618 unde
1280 571 1330 617 tua

180 653 256 690 mors
277 636 380 690 ueniat.
419 638 552 691 Precatur
575 645 606 691 ut
632 637 691 691 Ibis
715 654 766 706 per
789 637 915 706 magicas
940 635 1105 690 deuotiones
1130 644 1235 704 pereat.
1273 635 1329 687 ‘So

179 724 247 775 may
265 724 283 761 a
302 707 457 761 rire-brand
475 707 572 762 kindle
591 709 641 776 thy
658 707 853 777 funeral-pile?
950 709 1020 761 603.
1039 709 1194 760 Phasiaca
1213 705 1329 771 Colcha,

180 793 237 846 quo
250 777 388 831 uocabulo
407 794 512 831 corona
528 787 556 832 et
575 778 696 832 Medeae
713 778 800 832 fuisse
817 786 845 832 et
863 786 1005 831 uenenata
1020 776 1202 846 significatur.
1252 776 1329 842 Hyg.

181 859 214 915 25
239 848 320 901 Huic
343 847 462 916 (Iasoni)
489 848 578 902 Creon
601 849 744 902 Menoecei
800 849 847 901 ius
869 865 923 901 rer
945 847 1110 902 Com'ntlu'us
1124 847 1223 917 filiam
1247 861 1331 898 mam

180 919 317 971 minorem
340 918 463 972 Glaucen
483 919 561 973 dedit
581 935 703 972 uxorem.
785 920 851 972 edea
873 935 936 972 cum
961 919 1037 972 ur'oln
1059 935 1088 970 se
1110 932 1179 987 erga
1201 917 1331 970 Iasonem

180 987 246 1041 bene
263 994 410 1042 merentem
432 995 514 1043 tanta
534 990 703 1043 contumelia
719 1006 775 1042 esse
792 990 919 1058 afflatam
936 1005 1066 1042 coronam
1084 1005 1121 1041 ex
1136 988 1250 1041 uenenis
1259 986 1334 1057 fecit

181 1075 298 1111 auream
310 1076 425 1128 eamque
441 1062 555 1113 muneri
562 1060 644 1129 filios
654 1076 719 1112 suos
733 1061 817 1113 iussit
832 1075 966 1112 nouercae
981 1060 1056 1113 dare.
1095 1059 1200 1112 Creusa
1217 1072 1332 1110 rnunere

179 1132 289 1198 accepto
308 1146 371 1182 cum
389 1130 490 1183 Iasone
509 1135 537 1184 et
556 1131 671 1184 Creonte
691 1130 885 1200 conflagranti.
924 1129 1062 1198 Naphtha
1078 1128 1233 1183 delibutam
1252 1143 1331 1180 coro-

180 1216 247 1252 nam
265 1199 318 1252 rati
336 1208 401 1253 sunt
419 1201 585 1254 Plutarchus
601 1201 680 1254 Alex.
694 1219 765 1254 xxxv
782 1209 810 1254 et
829 1199 931 1253 Suidas
948 1217 970 1253 s.
981 1217 1007 1253 u.
1021 1199 1128 1266 Μήδεια.
1158 1195 1329 1267 (Muncker.)

181 1286 350 1335 conpressa
368 1276 416 1324 est
434 1269 506 1324 ‘was
525 1270 663 1339 crushed‚’
682 1288 747 1325 curn
769 1269 854 1339 capiti
877 1270 1042 1324 adhaereret
1063 1268 1223 1323 immobilis.
1262 1268 1329 1321 Eur.

182 1340 260 1394 Med.
284 1355 352 1409 1190
373 1340 464 1411 Φεύγει
488 1339 510 1394 δ’
530 1340 656 1394 ἇναστᾶσ’
679 1341 707 1393 ε’κ
728 1340 827 1408 θρόνων
847 1341 991 1410 πυρουμένη
1013 1339 1122 1393 Σείουσα
1140 1340 1230 1408 χαίτην
1251 1338 1331 1407 κρᾶτά

180 1407 204 1463 τ’
216 1408 308 1463 ἄλλοτ’
319 1411 428 1478 ἄλλοσε,
440 1410 529 1480 ‘Pipae
546 1411 661 1464 θέλουσα
679 1410 818 1480 στέφανον·
837 1410 897 1463 ἀλλ’
913 1410 1070 1480 ἀραρότως
1086 1409 1220 1477 Σύνδεσμα
1231 1410 1331 1478 χρυσὸς

181 1476 243 1550 εἶχε,
262 1485 314 1551 πῦρ
332 1477 355 1533 δ’
367 1481 421 1536 ε’πεί
440 1482 519 1550 κόμην
530 1478 651 1547 Ἐσεισε,
669 1484 771 1548 μᾶλλον
789 1481 828 1535 dis
844 1483 928 1536 τόσως
944 1478 967 1534 τ’
979 1481 1118 1550 ε’λάμπετο.
1156 1479 1214 1534 Sed
1231 1495 1330 1532 uerum

180 1560 275 1621 potest
300 1567 363 1605 esse
387 1568 562 1617 conprensa
586 1551 669 1605 ‘took
691 1552 757 1619 fire,’
778 1550 854 1621 quod
876 1551 911 1605 de
936 1551 1030 1606 subito
1054 1550 1177 1604 incensis
1202 1548 1330 1618 usurpari

180 1621 311 1690 probauit
335 1621 471 1676 Heinsius
493 1640 526 1676 ex
549 1622 608 1676 Liu.
630 1622 701 1676 xxvi.
721 1635 764 1690 27,
784 1625 823 1676 M.
842 1621 876 1676 ix
895 1634 953 1690 235.
1021 1628 1123 1687 nupta
1144 1622 1251 1675 Glauce
1270 1619 1332 1673 siue

182 1693 297 1746 Creusa
391 1695 462 1746 604.
480 1698 571 1758 pater
584 1694 685 1746 Creon.
744 1696 863 1747 domus.
897 1694 973 1761 Hyg.
986 1704 1019 1760 25
1032 1693 1134 1746 Medea
1147 1692 1196 1744 ubi
1206 1689 1331 1758 regiam

180 1763 280 1816 ardere
300 1763 383 1830 utilit,
402 1769 483 1816 natos
500 1780 565 1818 suos
581 1781 619 1816 er
633 1764 734 1816 Iasone
750 1764 926 1816 Mermerum
944 1768 971 1816 et
988 1762 1133 1817 Pheretem
1149 1761 1289 1830 interjecit
1305 1765 1334 1814 et

176 1833 312 1904 proosugit
333 1834 474 1888 Cormtlro.
582 1835 653 1886 605.
681 1850 773 1888 eruor
796 1833 881 1887 Nessi
905 1833 1046 1887 Centauri.
1100 1836 1188 1888 abiit.
1219 1831 1332 1884 Eodem

181 1921 267 1957 sensu
281 1904 316 1958 de
331 1905 454 1958 Hercule
467 1902 604 1958 moriente
619 1906 660 1958 M.
673 1903 708 1958 ix.
726 1905 771 1958 161
786 1904 914 1957 Incaluit
929 1906 975 1958 uis
992 1904 1046 1957 illa
1064 1904 1142 1972 mali,
1156 1904 1333 1970 resolutaque

172 1974 305 2044 flammis
316 1975 470 2028 Herculeos
487 1974 570 2029 abiit
588 1975 645 2029 late
660 1976 765 2044 diffusa
779 1978 833 2044 per
845 1981 934 2028 artus.
972 1974 1145 2044 Absorptum
1162 1973 1242 2027 uenis
1256 1972 1332 2026 uirus

182 2044 328 2113 sanguinis
342 2044 417 2098 dicit.
449 2046 551 2098 Trach.
566 2045 625 2112 832,
639 2060 655 2113 3
670 2046 742 2113 Χρίει
760 2045 896 2099 δολοποιὸς
909 2045 1006 2112 ἀνάγκα
1020 2046 1125 2113 Πλευρὰ
1142 2043 1333 2113 προστακέντος

178 2114 233 2180 Δἰοῦ.
288 2118 358 2183 607,
372 2119 400 2170 6.
417 2118 626 2169 Penthiladen
639 2115 662 2168 si
675 2133 741 2169 uere
754 2115 868 2170 tradunt
883 2116 969 2183 MSS,
982 2115 1093 2169 uidetur
1105 2114 1129 2168 is
1142 2131 1176 2168 ex
1190 2113 1332 2168 Penthilu-

184 2185 283 2238 darum
306 2185 392 2239 fuisse
414 2185 509 2254 stirpe,
532 2185 579 2255 qui
602 2185 732 2240 Penthilo
754 2185 811 2239 filio
832 2185 941 2240 Orestis
960 2185 1013 2240 orti
1034 2185 1117 2239 Lesbi
1136 2185 1165 2238 in
1187 2183 1333 2253 Mitylenis

183 2255 363 2323 tyrannidem
383 2257 558 2310 exercebant.
603 2256 718 2310 Aristot.
739 2256 821 2310 Polit.
839 2274 864 2310 v.
888 2271 920 2309 10
940 2256 1043 2309 Πολλοὶ
1067 2256 1094 2308 δὲ
1119 2256 1159 2309 καὶ
1180 2255 1222 2308 διὰ
1246 2256 1276 2307 τὸ
1297 2253 1334 2309 εἷς

183 2327 214 2378 τὸ
233 2331 307 2390 σῶμα
328 2326 472 2393 αἰκισθῆναι
491 2327 602 2394 πληγαῖς
619 2324 784 2395 ὀργισθέντες
802 2327 826 2379 oi
842 2325 889 2395 μὲν
907 2325 1056 2396 διέφθειραν
1074 2327 1099 2378 oi
1119 2326 1147 2378 δὲ
1168 2325 1335 2414 ἐνεχείρησαν

183 2395 218 2449 ὡς
241 2395 416 2464 ὑβρισθέντες,
441 2396 482 2449 καί
505 2401 556 2450 τῶν
579 2397 638 2465 περὶ
661 2398 707 2450 τὰς
727 2396 809 2467 ἀρχὰς
830 2398 870 2450 καὶ
890 2399 1030 2460 βασιλικὰς
1051 2396 1208 2464 δυναστείας,
1230 2417 1285 2448 οιον
1305 2395 1335 2448 ἐν

184 2464 318 2534 Μιτυλήνη
336 2466 396 2520 τοὺς
414 2464 574 2520 Πενθαλίδας
599 2469 736 2537 Μεγακλῆς
755 2469 899 2538 περιιόντας
919 2468 961 2520 καὶ
982 2466 1121 2522 τίιπτοντας
1141 2468 1196 2521 ταῖς
1217 2464 1335 2535 κορύναις

169 2535 333 2604 ,ἐπιθέμενος
349 2537 413 2603 μετὰ
434 2542 485 2590 τῶν
505 2536 592 2605 φίλων
612 2536 720 2604 ἀνεῖλεν,
744 2539 785 2592 καὶ
805 2536 915 2606 ὕστερον
936 2538 1043 2607 Σμέρδις
1063 2538 1165 2606 πληγὰς
1185 2539 1276 2598 λαβὼν
1293 2537 1335 2589 καὶ

184 2608 255 2676 παρὰ
278 2609 324 2674 τῆς
344 2608 461 2675 γυναικὸς
481 2605 646 2674 ἐξελκυσθεὶς
666 2607 819 2676 διέφθειρεν.
864 2608 904 2663 Cf.
927 2610 997 2662 Plut
1021 2608 1057 2663 de
1079 2609 1188 2663 Sollert.
1210 2607 1334 2661 Animal.

89 2705 96 2724 ι
183 2679 247 2746 984,
274 2677 391 2731 Conuiu.
418 2676 543 2747 Sapient.
569 2678 626 2746 163.
672 2678 730 2732 Sed
753 2680 911 2747 Lycurgum
935 2679 1059 2748 aliquem
1080 2679 1153 2732 inter
1173 2679 1225 2731 hos
1247 2677 1335 2731 fuisse

184 2764 243 2801 non
261 2747 378 2817 reperio,
417 2750 548 2802 Ceterum
567 2748 726 2802 Aristotelis
745 2749 858 2803 codices
879 2750 1034 2804 πενθαλὶδας
1052 2750 1098 2803 uel
1115 2748 1268 2803 πενταλίδας
1286 2765 1334 2801 ex·

185 2818 293 2885 hibent,
313 2818 389 2899 quod
410 2836 479 2873 sane
503 2818 541 2872 ad
567 2819 790 2874 Penthiladen
814 2819 1037 2874 Pentheliden
1060 2817 1260 2874 Penteliden
1281 2817 1335 2883 (sic

186 2888 262 2942 enim
281 2898 416 2958 scripturn
434 2899 476 2943 est
492 2888 520 2942 in
541 2889 630 2943 Ibidis
644 2889 799 2958 codicibus)
812 2890 939 2959 proxime
952 2890 1070 2944 accedit.
1108 2891 1170 2944 Iam
1189 2888 1335 2942 Penthilus

188 2958 261 3013 filius
284 2958 423 3028 Erigones
443 2959 543 3027 (Tzetz.
563 2960 601 3014 ad
622 2959 801 3028 Lyc.1374):
827 2960 951 3030 Erigone
969 2972 1064 3015 autem
1083 2960 1146 3027 alia,
1166 2959 1222 3013 lilia
1243 2958 1335 3027 Icarii,

186 3031 271 3098 paulo
284 3039 348 3098 post
361 3029 502 3084 inducitur
512 3028 602 3098 (613):
620 3048 676 3099 quo
689 3031 736 3084 filo
746 3030 887 3085 interdum
897 3041 1081 3085 conectuntur
1092 3030 1181 3084 Ibidis
1191 3029 1335 3084 historiae.

187 3099 316 3153 Historia
338 3116 510 3170 quamquam
533 3100 624 3169 periit,
649 3101 740 3170 potuit
767 3101 928 3155 huiusmodi
957 3101 1089 3170 aenigma
1110 3100 1245 3166 subesse;
1270 3099 1335 3154 talis

186 3169 235 3223 teli
254 3171 339 3238 plaga
359 3180 388 3225 te
409 3180 523 3224 maneat
543 3171 633 3241 qualis
656 3172 823 3241 Lycurgum,
844 3171 891 3241 qui
913 3188 978 3225 cum
1001 3189 1106 3225 nouum
1124 3188 1214 3239 genus
1236 3170 1284 3224 teli
1306 3170 1335 3223 in

185 3239 355 3309 supplicium
376 3258 487 3295 reorum
506 3241 701 3310 excogitasset,
720 3243 775 3296 hoc
797 3241 910 3312 proprio
931 3241 1047 3296 inuento
1065 3252 1093 3296 et
1112 3241 1193 3312 quasi
1212 3240 1337 3310 quadarn

181 3311 265 3380 prole
276 3327 329 3363 sua
342 3310 480 3365 extinctus
493 3321 543 3366 est.
582 3312 630 3366 Sic
644 3313 800 3382 Θηρικλέους
818 3313 907 3365 τέκνον
923 3313 1041 3366 culicem
1058 3330 1076 3367 a
1094 3312 1224 3366 Thericle
1241 3328 1338 3380 reper-

186 3390 246 3434 tam
264 3381 405 3435 uocabant
427 3391 499 3437 teste
525 3382 627 3436 Photio
645 3382 673 3436 in
697 3384 762 3438 Lex.
783 3400 805 3437 s.
816 3400 842 3437 u.
887 3381 962 3437 Vide
984 3384 1149 3437 Excursum.
1266 3384 1337 3436 609.

186 3454 296 3504 Milon.
337 3452 399 3506 Val.
421 3454 496 3506 Max
517 3451 552 3506 ix.
576 3467 614 3506 12.
634 3468 651 3522 9
673 3454 736 3507 Ext.
764 3454 840 3507 Milo
865 3453 1046 3521 Crotoniates,
1068 3470 1132 3507 cum
1153 3452 1338 3522 iterfaciens

185 3538 319 3590 quercum
331 3523 363 3575 in
375 3538 445 3592 agro
455 3523 571 3577 cuneis
584 3523 715 3577 adactis
728 3523 844 3578 fissam
857 3524 980 3591 uidzsset,
984 3523 1083 3593 fretus
1095 3523 1340 3592 uz'mlusstcesu‘t

186 3593 313 3659 adeam,
330 3594 497 3663 insertosque
514 3593 644 3647 manibus
660 3594 794 3648 diuellere
811 3600 927 3647 conatus
944 3600 985 3647 est
992 3614 1003 3648 .·
1026 3611 1098 3663 quas
1115 3593 1201 3647 arbor
1216 3595 1339 3647 excussis

185 3665 281 3715 cuneos
297 3664 329 3715 in
343 3680 425 3716 suam
443 3669 579 3717 naturam
597 3671 728 3719 reuocata
745 3666 912 3734 compressit,
926 3681 1044 3734 eumque
1060 3682 1124 3719 cum
1143 3670 1184 3719 tot
1195 3665 1339 3733 gymnicos

182 3732 292 3801 palmis
312 3733 493 3787 lacerandum
510 3735 586 3802 feris
603 3735 744 3804 praebuet.
781 3735 853 3789 Gell.
875 3753 918 3788 xv.
941 3736 980 3803 16,
1004 3735 1096 3789 Strab.
1115 3735 1175 3803 263,
1199 3736 1280 3788 Paus.
1301 3733 1337 3789 vi.

191 3815 230 3866 14.
244 3816 268 3855 2.
305 3803 379 3856 Vide
400 3804 503 3871 Mayor
520 3804 557 3857 ad
577 3807 674 3859 quen.
693 3823 717 3859 x.
735 3820 774 3859 10.
844 3807 942 3860 fissile
961 3805 1170 3877 ‘wedgesplit'
1206 3805 1239 3858 G.
1254 3804 1272 3858 i.
1289 3819 1339 3870 144

187 3872 266 3924 Nam
280 3874 375 3941 primi
384 3875 479 3926 cuneis
489 3874 650 3928 scindebant
653 3875 745 3945 fissile
756 3875 875 3945 lignum.
912 3877 983 3930 Aen.
996 3874 1032 3929 vi.
1049 3876 1094 3929 181
1110 3877 1204 3930 cuneis
1215 3880 1243 3928 et
1245 3875 1340 3945 fissile

187 3940 282 3995 robur.
388 3946 455 3996 610.
473 3950 588 4009 captas.
627 3946 697 3999 Geli.
716 3946 813 3999 xv..16
831 3946 955 4015 Quercus
973 3951 1067 3999 autem
1085 3948 1117 3999 in
1133 3947 1206 3999 duas
1222 3946 1339 3999 doitucta

182 4015 291 4080 partes,
302 4027 365 4065 cum
378 4012 434 4080 ille,
447 4016 658 4085 quasiperflcto
670 4016 818 4085 quoderat
827 4019 952 4082 conanus,
965 4033 1067 4070 manus
1078 4018 1208 4083 laxasset,
1218 4022 1340 4070 cessante

189 4082 223 4134 ui
233 4082 318 4135 rediit
329 4083 361 4135 in
373 4089 517 4152 naturam,
530 4086 749 4155 manibusque
768 4086 839 4140 eius
855 4086 996 4141 retentis
1014 4085 1220 4156 inclusisque
1238 4088 1339 4139 stn'cta

187 4151 278 4205 denuo
290 4158 317 4206 et
327 4152 442 4207 cohaesa
452 4156 664 4210 dilacerandum
676 4156 895 4226 loomimmseris
906 4157 1048 4227 praebuit.
1139 4160 1200 4211 611.
1219 4160 1339 4210 Icarus.

189 4223 265 4290 Hyg.
280 4237 330 4290 130
340 4224 411 4277 Cum
420 4225 506 4278 Liber
510 4229 598 4295 pater
605 4226 775 4280 adlrommes
783 4233 852 4280 esset
858 4227 1008 4298 promotus,
1019 4231 1053 4281 ut
1062 4243 1180 4281 suorum
1183 4227 1339 4297 smctuunt

188 4294 360 4347 suauitatem
381 4299 465 4363 atque
481 4296 684 4350 iucunditatem
703 4297 862 4366 ostenderet,
881 4298 921 4351 ad
936 4298 1062 4351 Icarium
1081 4303 1109 4351 et
1125 4298 1285 4368 Erigonam
1307 4298 1341 4350 iu

188 4363 343 4432 hospitium
355 4364 469 4419 liberale
479 4366 597 4422 deuenit.
623 4368 661 4420 iis
674 4373 765 4424 utrem
779 4368 898 4437 plenum
913 4369 980 4421 uini
992 4369 1107 4421 muneri
1115 4368 1192 4421 dedit
1202 4369 1341 4436 iussitque

189 4439 223 4491 ut
234 4436 265 4487 in
278 4435 402 4504 reliquas
414 4440 506 4489 terras
512 4440 715 4507 propagarent.
746 4439 859 4493 Icarius
865 4439 998 4508 plaustro
1011 4444 1199 4492 oneratorum
1211 4439 1342 4508 Erigone

188 4504 250 4570 filia
273 4511 302 4560 et
320 4522 388 4559 cane
407 4507 511 4564 Maera
531 4508 564 4562 in
584 4513 690 4563 terram
711 4508 839 4565 Atticam
861 4510 902 4564 ad
916 4512 1046 4581 pastores
1065 4510 1179 4566 deuenit
1201 4513 1229 4564 et
1246 4524 1341 4579 genus
