3038 5010
488 388 491 393 ’
551 388 900 454 COMMENTARIVS.
1243 396 1300 452 137

152 550 284 621 Excerpt.
298 563 340 618 32.
353 561 397 619 25,
410 547 457 620 qui
476 548 561 604 tradit
580 549 653 604 inter
671 558 778 605 statuas
795 547 925 604 inuentae
944 546 1114 618 Carthagine
1127 544 1213 604 fuisse
1225 548 1301 603 hunc

151 631 271 691 taurum,
294 620 340 675 Ἐν
357 622 385 674 δὲ
403 620 503 675 τούτοις
520 621 619 690 ὑπῆρχε
637 622 678 673 καὶ
696 623 710 672 ὁ
728 622 883 690 περιβόητος
905 624 999 687 ταῦρος
1022 620 1052 687 έξ
1070 621 1250 690 Ἀκράγαντος,
1272 617 1303 671 ὃν

151 693 345 746 κατασκευάσας
366 690 494 758 Περίλαος
514 691 639 759 Φαλάριδι
658 690 694 761 τῷ
713 689 833 757 τυράννω,
853 691 894 742 κιιὶ
914 696 1016 757 πρῶτος
1036 689 1082 758 τὴν
1106 690 1237 756 ἀπόδειξιν
1257 691 1303 756 τῆς

151 761 217 817 idias
229 762 320 831 τέχνης
332 761 359 815 έν
371 762 402 829 τῇ
414 760 468 816 καθ’
481 761 558 815 αὑτὸν
569 761 675 830 τιμωρίᾳ
688 761 789 815 δικαίως
804 743 937 828 inopima
952 761 1070 830 ἀνῃρέθη.
1141 764 1212 815 438.
1230 776 1302 814 eon·

151 836 298 887 ueniente
317 833 382 887 Am.
404 831 421 886 i.
447 847 470 888 1.
491 847 507 885 2
529 834 649 885 materia
670 833 849 886 conueniente
869 832 966 886 modis.
1055 834 1126 885 439.
1145 834 1301 886 Phalarin.

152 903 297 957 Bentleius
316 903 354 956 ad
373 902 451 957 Phal.
471 918 497 971 p.
511 917 564 968 240
580 902 623 956 ed.
639 904 720 971 Dyce
738 902 824 957 allato
840 902 939 970 fragm.
958 901 1118 956 Heraclidis
1133 901 1242 956 Pontici
1256 904 1301 969 (37

154 974 264 1042 Miller,
276 975 387 1042 Fragm.
400 973 474 1027 Hist.
487 975 587 1027 Graec.
597 971 625 1025 ii.
638 989 665 1042 p.
676 972 739 1040 223)
748 970 845 1041 Ὀνπερ
858 974 873 1024 ὁ
885 973 964 1038 δῆμος
976 972 1160 1040 ἐτιμωρήσατο·
1176 972 1303 1040 ἐνέπρησε

152 1043 181 1096 δι’
199 1045 247 1096 καὶ
265 1043 310 1112 τὴν
324 1043 420 1112 μητέρα
438 1043 480 1096 καὶ
495 1042 554 1097 τοὺς
568 1044 671 1112 φίλους,
684 1052 780 1097 censet
795 1041 966 1097 Heracliden
982 1042 1157 1112 significasse
1170 1041 1302 1096 Phalarin

152 1112 245 1183 ipsum
259 1112 287 1168 in
300 1124 381 1168 tauro
398 1131 449 1167 suo
466 1114 644 1167 combustum
656 1113 898 1237 guamadmodum
911 1123 1002 1167 mater
1013 1112 1073 1166 eius
1087 1123 1114 1167 et
1127 1112 1211 1166 amici
1225 1111 1253 1165 in
1266 1129 1301 1166 eo
1391 1171 1395 1178 ,

151 1184 319 1255 periissent3
344 1186 399 1239 hoc
423 1182 499 1239 enim
523 1185 595 1238 uelle
617 1183 655 1237 ad
676 1183 745 1237 itum
771 1185 826 1239 καί.
871 1183 929 1237 Sed
952 1200 1092 1253 nusquam
1116 1182 1186 1237 alias
1211 1182 1241 1237 id
1261 1182 1302 1237 ui-

152 1254 234 1309 detur
245 1254 388 1309 traditum.
459 1261 579 1309 resecta.
595 1253 708 1308 abscisa
723 1264 754 1308 ut
773 1255 840 1322 538:
861 1253 901 1308 sic
914 1270 1034 1307 resecare
1049 1254 1166 1324 capillos
1179 1254 1300 1307 barbam.

150 1327 223 1380 440.
241 1329 331 1380 More
348 1328 449 1380 bouis.
487 1326 557 1380 Met.
570 1324 587 1378 i.
600 1337 650 1393 745
665 1341 699 1397 ne
715 1341 791 1378 more
808 1327 941 1378 iuuencae
956 1325 1082 1394 Mugiat.
1121 1323 1170 1378 Sil.
1183 1323 1235 1378 xiv.
1250 1337 1302 1389 214

152 1395 188 1449 de
206 1406 286 1450 tauro
304 1395 461 1450 Phalaridis
480 1396 533 1449 llle
551 1396 601 1448 ubi
616 1400 735 1448 torreret
751 1396 879 1450 subiectis
894 1399 1012 1464 corpora
1019 1395 1151 1465 flammis
1167 1394 1304 1448 Mutabat

146 1468 272 1536 gemitus
283 1467 445 1536 mugitibus,
458 1471 573 1535 actaque
588 1482 672 1519 ueras
685 1466 800 1520 Credere
815 1471 878 1519 erat
892 1465 1010 1518 stabulis
1023 1471 1153 1518 armenta
1164 1466 1304 1534 effundere

151 1553 236 1591 uoces.
291 1539 414 1601 Paphio
426 1552 477 1605 pro
491 1537 594 1606 Cyprio
606 1536 730 1604 positum
746 1546 843 1590 censet
861 1535 1036 1604 Saluagnius.
1075 1538 1152 1588 Nam
1165 1538 1196 1588 iu
1210 1536 1312 1605 Cypra.

146 1609 246 1677 prima
264 1609 339 1660 aeris
355 1608 482 1660 iuuentio
504 1607 585 1676 (Plin.
607 1608 645 1661 H.
666 1609 701 1660 N.
721 1605 809 1660 xxxiv.
830 1605 870 1676 2),
888 1616 916 1660 et
938 1623 1063 1659 aerosum
1084 1606 1304 1676 appellauerunt

150 1679 267 1747 antiqui
282 1679 407 1732 insulam
428 1678 561 1747 Cyprum,
580 1678 658 1748 qnod
675 1679 707 1730 in
727 1695 760 1730 ea
776 1678 939 1747 plurimum
961 1679 1035 1730 aem's
1055 1682 1191 1730 nascatur
1211 1676 1301 1745 (Paul.

151 1764 178 1816 p.
192 1763 227 1801 20
240 1748 363 1815 Miiller).
408 1747 537 1817 inscript.
549 1748 633 1817 Argis
650 1757 762 1817 reperta
776 1747 952 1813 Kaibe1846.
965 1760 1015 1816 3-5
1032 1747 1091 1812 Εἰμὶ
1104 1747 1132 1800 δὲ
1145 1747 1301 1814 Νικοκρέων,

151 1818 251 1904 θρέψεν
269 1818 298 1872 δέ
315 1840 347 1888 με
365 1819 398 1888 γΐι
412 1819 585 1889 περίκλυστος
603 1816 700 1888 Κάπρις
717 1818 854 1871 θειοτάτων
867 1819 893 1870 ἐκ
908 1819 1042 1887 προγόνων
1052 1818 1162 1885 βασιλῆ.
1199 1819 1302 1871 Στᾶσον

151 1887 166 1940 8
185 1886 299 1958 Ἀργεῖοί
315 1909 346 1957 με
362 1889 453 1957 χάριν
465 1890 596 1959 χαλκοῖο
612 1889 722 1943 rieures:
742 1905 809 1942 narn
823 1887 982 1942 Nicocreon
999 1904 1069 1941 uasa
1085 1903 1175 1941 aenea
1186 1887 1300 1956 Argiuis

151 1959 337 2013 certaminum
363 1959 490 2028 praemia
518 1958 633 2015 miserat
660 1957 796 2028 (Kaibel).
842 1961 935 2013 Omne
962 1975 1011 2012 aes
1037 1957 1171 2026 Cyprium
1196 1957 1300 2012 ductile

150 2029 237 2083 fuisse
255 2029 340 2084 tradit
361 2029 467 2084 Plinius
485 2029 574 2085 xxxiv.
592 2045 635 2099 94.
673 2029 714 2085 Cf.
736 2031 802 2098 Lyc.
819 2031 880 2095 484.
986 2032 1054 2085 441.
1072 2032 1144 2082 aetat
1161 2032 1301 2083 melioris

151 2098 290 2155 iuuentae.
327 2099 411 2155 Trist.
429 2100 465 2155 iv.
486 2116 525 2155 10.
544 2115 578 2168 93
603 2102 666 2154 Iam
688 2100 761 2154 milri
780 2101 896 2154 canities
916 2100 1010 2168 pulsis
1033 2100 1193 2153 melioribus
1216 2100 1301 2152 annis

156 2170 280 2225 Venerat.
417 2174 489 2226 442.
506 2173 635 2225 Admeti
653 2187 741 2226 socer
760 2170 859 2225 Pelias.
898 2171 974 2239 Hyg.
988 2184 1022 2236 24
1036 2170 1104 2240 Ipsa
1121 2168 1249 2237 (Medea)
1263 2169 1305 2224 ad

151 2242 247 2293 Peliae
255 2242 339 2311 filias
353 2243 408 2311 pro
423 2242 561 2295 sacerdote
572 2243 685 2295 Dianae
701 2244 798 2296 uenit:
815 2243 855 2295 eis
866 2242 1020 2310 pollicetur
1032 2258 1061 2293 se
1071 2243 1185 2310 patrem
1201 2257 1300 2294 earum

151 2312 253 2364 Pelian
264 2329 301 2364 er
310 2329 372 2365 sene
384 2313 512 2365 iuuenem
515 2313 675 2382 facturam.
706 2313 741 2366 id
749 2313 818 2382 quia
829 2311 975 2366 Alcestis
988 2311 1092 2365 maior
1105 2310 1172 2364 filia
1183 2313 1302 2381 negauit

143 2382 215 2451 fieri
221 2385 309 2451 posse,
318 2383 421 2436 Medea
433 2384 615 2453 quofacilius
625 2400 687 2436 eam
695 2384 860 2453 perduceret
871 2383 912 2436 ad
920 2399 1002 2436 suam
1015 2382 1189 2436 uoluntatem
1201 2383 1300 2452 caligi-

151 2468 213 2505 nem
226 2456 266 2506 eis
280 2453 383 2520 obz‘em't,
396 2460 424 2507 et
439 2470 476 2506 er
490 2455 605 2507 uenenis
622 2454 714 2507 multa
730 2454 870 2507 miracula
879 2454 960 2521 fecit,
972 2471 1044 2522 quae
1061 2453 1231 2506 uensa‘milia
1245 2470 1301 2506 esse

150 2523 318 2576 uiderentur
333 2524 501 2592 arietemque
518 2525 645 2578 uetulum
663 2525 695 2577 in
713 2540 815 2578 aenum
830 2526 952 2593 coniecit,
965 2524 1039 2578 urrde
1056 2541 1074 2575 a
1094 2539 1148 2576 nus
1162 2524 1301 2592 pulcerri-

151 2609 214 2646 mus
222 2593 388 2662 prosiluisse
399 2595 480 2647 uisus
490 2600 537 2648 est.
565 2596 711 2665 eodemque
722 2595 802 2648 modo
813 2595 949 2663 Peliades,
960 2595 994 2648 id
1002 2600 1049 2649 est¹
1082 2595 1173 2648 lcestts
1181 2594 1300 2663 Pelopia

151 2664 273 2717 Medusa
281 2665 403 2735 Pisidica
410 2665 580 2734 Hippothoe,
588 2666 705 2719 Medeae
715 2665 832 2735 inpulsu
839 2669 953 2735 patrem
961 2682 1045 2718 suum
1058 2667 1175 2718 occisum
1187 2665 1219 2716 in
1231 2680 1300 2717 aeno

151 2739 294 2789 coxerunt.
349 2738 512 2799 decipiare.
539 2735 668 2805 Plerique
679 2735 808 2790 Peliades
816 2753 873 2789 non
883 2735 980 2790 Pelian
989 2735 1138 2803 deceptum
1148 2734 1299 2803 tradidere,

151 2804 284 2872 Apollod.
296 2802 313 2859 i.
327 2819 352 2873 9.
366 2817 408 2872 27,
429 2807 512 2860 Paus.
527 2805 582 2860 viii.
601 2821 640 2860 11.
653 2822 679 2873 2,
699 2806 783 2860 Ouid.
798 2809 838 2860 M.
852 2805 897 2860 vii.
912 2820 971 2874 310,
985 2820 1045 2872 323,
1065 2806 1131 2859 Sen.
1145 2805 1223 2858 Med.
1236 2805 1299 2870 478.

153 2874 211 2928 Sed
221 2873 363 2929 Diodorus
373 2875 419 2943 (iv.
430 2877 474 2944 51)
482 2893 500 2930 a
512 2875 620 2945 uulgari
630 2877 724 2931 fabula
737 2876 911 2946 aliquantum
925 2875 1074 2929 discedens
1085 2873 1152 2929 dicit
1164 2874 1298 2929 Medeam

153 2944 248 2998 Peliae
257 2945 439 3014 persuasisse,
449 2955 479 3001 ut
492 2948 618 3002 crederet
628 2947 752 3002 Dianam
765 2946 862 3000 ineius
873 2946 955 3001 sedes
968 2956 1114 3015 tamquam
1126 2944 1297 2999 sanctissimi

152 3015 278 3069 omnium
297 3033 394 3084 regum
416 3017 575 3086 aduenisse,
595 3017 648 3072 sibi
670 3029 765 3073 autern
787 3017 871 3071 deam
892 3016 1044 3070 mandasse
1068 3025 1098 3069 ut
1123 3025 1298 3069 senectutem

153 3085 248 3139 Peliae
258 3086 391 3155 potentiis
401 3087 571 3157 quibusdam
580 3088 714 3157 abigeret,
725 3105 843 3157 quarum
852 3087 910 3140 uim
923 3103 987 3141 cum
1000 3103 1051 3156 per
1059 3084 1102 3139 sui
1112 3085 1298 3140 mutationem

152 3172 186 3208 ex
199 3173 269 3210 anus
282 3156 377 3225 specie
390 3156 418 3210 in
432 3157 570 3227 uirginem
579 3169 772 3226 monstrasset,
783 3174 849 3212 mox
860 3156 993 3228 priuatim
1003 3155 1146 3210 monuisse
1157 3155 1254 3210 Pelian
1267 3164 1298 3210 ut

153 3224 181 3278 in
194 3243 295 3280 manus
308 3244 339 3281 se
352 3227 471 3282 filiarum
484 3229 615 3284 traderet.
653 3239 713 3283 tum
727 3227 856 3283 Peliades
869 3244 920 3298 per
932 3227 1049 3281 arietem
1062 3226 1174 3281 delusas
1187 3236 1297 3296 patrem

152 3296 275 3365 sopitum
306 3297 472 3367 concidisse,
497 3309 609 3368 praeter
638 3317 724 3354 unam
748 3299 882 3354 Alcestin.
910 3296 1080 3352 Huiusmodi
1107 3296 1298 3351 narrationem

153 3366 288 3421 Ouidium
301 3368 347 3422 hic
360 3380 487 3423 secutum
501 3370 603 3424 credo:
624 3387 796 3440 quamquam
808 3373 965 3434 decipiare
983 3367 1070 3422 etiam
1088 3367 1129 3421 sic
1146 3365 1241 3421 licebit
1256 3366 1297 3420 in-

152 3437 307 3506 terpretari,
321 3447 351 3493 ut
365 3438 494 3494 Peliades
513 3441 590 3511 quod
608 3441 667 3495 fieri
686 3458 771 3510 posse
785 3441 906 3495 Medeae
918 3439 1072 3493 credebant
1089 3437 1165 3492 idem
1183 3453 1298 3506 persua·

153 3507 239 3562 serint
252 3508 334 3577 patri.
447 3513 518 3565 443.
538 3528 632 3575 eques
645 3522 674 3566 ut
689 3510 809 3579 Curtius,
822 3511 858 3565 de
871 3526 927 3581 quo
940 3510 1042 3578 duplex
1054 3507 1172 3562 historia
1184 3518 1299 3562 narrata

153 3589 195 3633 est
205 3595 223 3632 a
232 3579 359 3633 Varrone
370 3581 401 3634 L.
411 3581 442 3634 L.
450 3599 476 3636 v.
488 3583 536 3647 148
544 3582 572 3636 A
584 3584 708 3637 Procilio
717 3583 847 3650 relatum,
857 3583 889 3635 in
897 3598 928 3635 eo
937 3582 994 3634 loco
1002 3579 1108 3633 delaissa
1116 3585 1223 3632 terram
1232 3584 1260 3632 et
1268 3578 1303 3632 id

151 3665 188 3702 en
194 3651 223 3702 S.
232 3649 299 3704 Con.
306 3650 347 3703 ad
352 3653 493 3721 aruspices
501 3653 623 3706 relatum
633 3669 704 3717 esse;
716 3658 877 3723 responsum
885 3652 968 3706 deum
977 3651 1113 3703 Manium
1118 3650 1299 3719 postilionem

147 3720 296 3788 postulare
306 3721 344 3789 id,
357 3723 445 3775 ciuem
449 3723 642 3792 fortissimum
654 3741 685 3777 eo
695 3724 812 3777 demitti.
844 3728 905 3777 tum
917 3722 1055 3792 quendam
1066 3722 1198 3774 Curtium
1209 3721 1299 3773 ciuem

144 3789 252 3860 fortem
265 3797 409 3845 armatum
421 3794 573 3847 ascendisse
584 3795 616 3847 in
629 3811 731 3864 equum
748 3800 777 3847 et
790 3812 808 3847 a
822 3794 976 3848 Concordia
987 3807 1101 3845 uersum
1113 3807 1175 3845 cum
1187 3807 1257 3860 equo
1269 3807 1300 3844 eo

147 3861 392 3984 praecptitatum
411 3881 442 3916 eo
450 3864 532 3933 facto
544 3865 635 3918 locum
647 3867 730 3919 coisse
741 3871 826 3935 atque
836 3865 897 3918 eius
908 3868 1008 3933 corpus
1019 3863 1161 3916 diuinitus
1170 3860 1301 3915 humasse

55 3966 60 3972 -
151 3947 186 3984 ac
202 3947 233 3984 re
244 3933 348 4000 iquisse
362 3935 446 4002 genti
460 3951 528 3989 suae
546 3941 764 3990 monumentum.
804 3950 861 4004 149.
879 3936 948 3988 Piso
966 3936 998 3987 in
1014 3933 1179 3986 Annalibus
1195 3932 1300 3999 scribit,

152 4001 259 4054 Sabino
271 4003 339 4055 bello
350 4003 498 4072 quodfuit
508 4006 628 4059 Romulo
639 4011 667 4060 et
682 4007 771 4074 Tatio,
785 4004 1080 4075 uirumfortissimum
1091 4005 1215 4057 Metium
1229 4004 1253 4057 C
1252 4019 1300 4055 ur·

152 4073 226 4124 tium
235 4072 386 4141 Sabinum,
398 4090 482 4142 quom
493 4076 633 4129 Romulus
648 4093 711 4130 cum
722 4078 783 4130 suis
793 4093 830 4129 er
839 4093 873 4129 su
893 4076 982 4129 eriere
995 4077 1080 4144 parte
1092 4075 1300 4144 impressionem

144 4140 264 4211 fecisset,
275 4143 406 4197 Curtium
416 4147 447 4198 iu
456 4147 547 4199 locum
552 4147 718 4215 palustrem,
727 4148 846 4215 quitum
846 4080 913 4216 spi
918 4148 1026 4216 casoro,
1035 4150 1185 4214 antequam
1194 4144 1301 4197 cloacae

152 4213 324 4282 suutfactae,
333 4217 467 4268 secessisse
479 4222 563 4284 atque
574 4217 615 4270 ad
621 4234 687 4270 suos
697 4234 726 4270 se
737 4218 769 4269 in
778 4217 949 4286 Capitolium
962 4216 1113 4284 recepisse,·
1124 4215 1158 4268 ab
1167 4231 1197 4267 eo
1206 4214 1300 4266 lacum

152 4284 294 4337 inuenisse
311 4300 417 4339 nomen.
454 4287 563 4340 Ambas
583 4287 692 4341 fabulas
713 4285 798 4341 etiam
822 4287 917 4340 Liuius
936 4285 980 4340 vii.
994 4286 1020 4340 6.
1034 4286 1067 4339 cf.
1082 4284 1099 4340 i.
1116 4299 1146 4352 ¹3
1165 4282 1297 4338 exhibuit.

153 4369 295 4419 mergare
312 4359 464 4420 uoragine
480 4361 577 4412 caeni.
616 4359 649 4410 In
662 4357 706 4410 his
719 4368 804 4426 poeta
817 4357 950 4411 Pisonem
963 4366 1075 4410 secutus
1088 4354 1206 4420 uidetur,
1217 4363 1245 4406 et
1258 4351 1299 4405 sic

155 4423 214 4478 Liu.
226 4424 243 4478 i.
255 4439 285 4493 ¹3
295 4425 513 4480 Monumentum
526 4429 586 4480 eius
593 4432 716 4498 pugnae,
727 4429 777 4480 ubi
782 4430 912 4498 primum
925 4445 962 4480 ex
971 4425 1136 4496 profunda
1153 4439 1300 4478 emersus

153 4495 275 4564 palude
294 4511 397 4566 equus
417 4498 549 4552 Curtium
569 4500 600 4552 in
619 4499 693 4552 uado
713 4500 823 4567 statuit,
843 4500 975 4552 Curtium
996 4498 1089 4551 lacum
1109 4494 1298 4565 appellarunt.
