3038 5010
641 395 867 458 EXCVRSVS.
1272 400 1330 458 173

180 547 220 602 καί
239 546 363 618 διαδοχὴν
373 547 507 612 βασιλέων
519 546 565 618 ἀφ’
577 549 656 605 αὑτοῦ
675 552 795 605 κατέλιπε
813 550 944 619 Πυρρίδας
961 549 1183 616 ἐπικαλουμένους.
1220 554 1332 621 Regum

178 618 260 689 Epiri
273 620 328 675 hoc
340 629 384 675 est
396 630 518 676 stemma
532 621 615 691 (Plut.
631 623 707 691 Pyrr.
723 623 745 691 1,
760 624 843 678 Paus.
856 622 874 678 i.
891 637 930 677 11.
948 637 969 691 r,
984 622 1020 677 iv.
1035 634 1077 691 35.
1091 621 1118 690 3)

639 724 790 864 Thar'ybas

658 867 774 920 Alcetas

404 936 993 998 r.-.——n.--.-...-

311 999 519 1070 Neoptolemus
955 967 1066 1073 Arhbas

209 1135 372 1218 Alexander
441 1101 608 1217 Olympias,
870 1138 1152 1196 Aeacides=Phthia

218 1224 268 1263 rex
281 1209 361 1276 Epm
515 1206 519 1278 Ι
813 1213 1209 1280 Γ--Ᾰ--Ἱ

411 1278 573 1333 Alexander
587 1280 627 1335 M.
730 1280 853 1349 Pyrrhus
868 1282 907 1335 M.
1130 1281 1283 1337 Deidamia

1062 1385 1067 1393 ·
1098 1350 1191 1421 (periit
1203 1354 1303 1408 morbo

449 1419 589 1475 Herakles
651 1420 995 1493 Alexander=Olympias
1073 1423 1145 1477 Plut.
1159 1425 1272 1480 Demet.
1286 1423 1332 1494 32)

725 1560 905 1617 Ptolemaeus

721 1632 844 1773 Pyrrhhs
859 1703 913 1758 11*

712 1860 715 1865 ·
733 1844 894 1902 Deidamia.

221 1947 369 2019 Olympias
381 1957 472 2004 mater
483 1947 635 2004 Alexandri
651 1948 755 2018 magni,
769 1949 834 2004 auia
847 1948 986 2005 Heraclis.
1024 1950 1162 2004 Heracles
1175 1948 1258 2018 igitur
1266 1953 1334 2021 pra-

184 2023 269 2091 παρος
286 2022 350 2074 Neo
371 2019 476 2086 tolemi,
491 2019 564 2101 regis
581 2019 770 2089 Epirotarum,
784 2037 868 2090 quem
885 2019 1019 2075 credibile
1032 2031 1074 2075 est
1088 2020 1223 2075 Ouidium
1240 2021 1334 2075 uerbis

186 2091 267 2145 dicti
288 2037 385 2144 modpo
406 2092 486 2159 regis
507 2091 555 2145 hrc
576 2090 759 2159 significasse.
798 2092 874 2144 Nam
894 2100 924 2145 ut
944 2108 995 2160 per
1012 2091 1175 2146 Achilliden
1199 2091 1334 2146 intellexit

186 2163 324 2230 Pyrrhum
345 2163 491 2230 Magnum,
510 2171 540 2214 ut
560 2178 611 2230 per
628 2161 774 2231 Pyrrhum
795 2163 1024 2231 Neoptolemum,
1043 2161 1130 2215 filium
1148 2162 1274 2231 Achillis,
1294 2162 1336 2216 sic

185 2249 237 2302 per
257 2232 398 2286 Aeaciden
424 2232 643 2301 Neoptolemum
668 2249 764 2301 regem
789 2231 965 2302 Epiroticum
990 2231 1080 2302 potuit
1104 2232 1248 2288 indicare:
1279 2249 1335 2302 quo

186 2301 333 2357 obscurius
347 2302 425 2356 fieret
437 2301 569 2371 aenigma
582 2301 734 2356 nominum
765 2303 849 2371 Quod
862 2302 885 2356 si
899 2320 997 2357 uerum
1010 2312 1061 2372 est,
1075 2313 1154 2357 nata
1165 2302 1335 2358 Aeacidae

185 2390 244 2426 non
267 2372 426 2440 Deidamia,
448 2373 498 2427 sed
520 2372 583 2442 ipsa
602 2372 749 2442 Olympias
771 2373 830 2442 fuit,
853 2390 938 2455 quam
960 2384 1044 2443 capta
1066 2374 1165 2443 Pydna
1186 2373 1336 2444 propinqui

187 2460 285 2498 eorum
307 2459 377 2512 quos
399 2442 577 2497 interfecerat
602 2442 719 2512 ingestis
744 2442 804 2498 siue
826 2445 888 2498 tehs
908 2443 977 2512 siue,
996 2454 1026 2498 ut
1045 2443 1202 2498 Pausanias
1221 2444 1255 2499 ix.
1275 2457 1299 2511 7.
1320 2457 1335 2510 3

186 2513 281 2581 tradit,
300 2512 374 2566 saxis
394 2523 539 2568 necarunt.
577 2514 624 2568 Sic
643 2531 660 2567 a
679 2514 860 2583 Neoptolemi
883 2514 939 2569 filia
959 2514 1129 2584 Olympiade
1147 2514 1281 2569 transitur
1299 2513 1336 2567 ad

187 2584 270 2638 huius
282 2600 316 2637 ex
328 2583 489 2638 Alexandro
501 2594 634 2653 nepotem
646 2585 805 2653 Heraclem,
816 2585 860 2639 cui
875 2585 1001 2654 Barsine,
1013 2594 1105 2640 mater
1117 2602 1176 2654 sua,
1186 2601 1337 2652 uenenum,

187 2655 307 2709 fortasse
320 2653 417 2722 inscia,
430 2653 580 2708 tradidisse
593 2653 714 2723 fingitur.

225 2724 309 2794 Quod
323 2725 460 2778 Heracles
475 2725 655 2794 Neoptolemi
674 2741 785 2794 nepos,
799 2742 856 2779 non
875 2741 1024 2795 pronepos,
1041 2723 1150 2792 dicitur,
1162 2735 1278 2794 propter
1296 2724 1338 2778 in·

189 2806 298 2849 cestum
316 2804 425 2848 mutata
437 2805 479 2849 est
494 2795 683 2850 necessitudo.
721 2797 798 2849 Nam
811 2812 875 2849 cum
890 2795 1070 2864 Neoptolemi
1084 2794 1156 2848 filius
1169 2795 1338 2863 Alexander,

188 2867 274 2920 frater
287 2865 473 2934 Olympiadis,
487 2865 590 2920 sororis
607 2866 689 2920 huius
707 2865 793 2919 filiam
808 2867 987 2935 Cleopatram
1001 2864 1117 2931 duxerit,
1133 2867 1338 2934 Neoptolemus

190 2935 270 3006 quasi
289 2945 369 3005 pater
387 2935 464 3005 nepti
483 2953 559 3003 suae,
577 2953 643 2990 mox
661 2936 747 2990 etiam
766 2936 925 3005 nepotibus,
941 2935 969 2988 in
988 2934 1032 2988 his
1045 2935 1206 2989 Alexandro
1221 2937 1338 3003 Magno,

189 3007 303 3061 habitus
320 3016 380 3073 est;
402 3006 478 3061 unde
496 3008 641 3074 Heracles,
661 3006 733 3060 filius
749 3006 911 3074 Alexandri,
927 3015 955 3060 et
973 3021 1113 3075 pronepos
1133 3005 1183 3058 fuit
1202 3015 1230 3059 et
1249 3021 1338 3073 nepos

188 3077 281 3148 potuit
297 3076 460 3131 existimari.
498 3077 582 3146 Quod
599 3077 622 3131 si
640 3077 684 3131 cui
699 3076 852 3131 contortius
866 3075 1014 3143 uidebitur,
1028 3073 1130 3144 poterit
1146 3074 1187 3128 sic
1199 3075 1339 3142 explicare

190 3158 220 3202 ut
241 3148 393 3202 Heraclem
413 3146 532 3201 Ouidius
554 3147 658 3217 putarit
676 3146 829 3202 Alexandri
851 3145 925 3216 regis
945 3145 1090 3216 Epirotici,
1109 3162 1167 3199 non
1185 3144 1339 3199 Alexandri

192 3219 299 3287 Magni,
313 3217 400 3271 filium
413 3218 506 3272 fuisse.

227 3304 250 3343 2.
275 3288 467 3342 Thessalidum
493 3288 568 3358 quod
592 3305 643 3357 pro
669 3287 877 3343 Cantharidum
906 3286 1038 3343 exhibent
1068 3285 1194 3339 nonnulli
1226 3284 1339 3340 codices

193 3359 282 3414 Ibidis
307 3359 439 3413 conuenit
464 3376 529 3412 curn
552 3359 711 3413 Scholiasta
734 3361 765 3413 ll.
788 3357 815 3412 ii.
835 3372 895 3426 744,
916 3375 1001 3428 quem
1027 3359 1157 3411 Potterus
1181 3356 1277 3410 laudat
1302 3356 1340 3410 ad

193 3432 258 3499 Lyc.
273 3431 323 3483 802
339 3428 438 3484 Α’ίθικες
450 3431 522 3484 ἔθνος
535 3431 699 3496 Θετταλικὸν,
712 3429 891 3497 ὑπερκείμενον
903 3431 947 3496 τῆς
959 3425 1090 3497 Ἠπείρου.

228 3516 252 3569 3.
273 3502 381 3554 Mortes
402 3499 579 3569 Olympiadis
601 3509 629 3553 et
649 3500 779 3554 Heraclis
798 3499 900 3553 eodem
921 3498 1008 3552 modo
1028 3495 1171 3552 coniunxit
1193 3498 1340 3566 quo‘Pau·

192 3571 287 3626 sanias
297 3571 332 3624 ix.
342 3583 364 3637 7.
375 3585 390 3623 2
401 3579 429 3624 et
440 3569 610 3639 Porphyrius
620 3569 721 3638 Tyrius
731 3570 760 3623 in
769 3570 873 3623 Euseb.
887 3570 990 3624 Chron.
1000 3585 1026 3637 p.
1036 3582 1087 3636 232
1097 3569 1179 3622 Tom.
1189 3566 1207 3620 i.
1219 3568 1341 3635 Schiine,

192 3641 324 3710 Ἀριδαῖον
335 3641 381 3706 μὲν
394 3639 438 3693 οὖν
450 3639 593 3708 Ὀλυμπιὰς
604 3640 713 3695 ἔκτεινεν
725 3641 740 3708 ἡ
750 3639 831 3709 μήτηρ
840 3638 1022 3708 Ἀλεξάνδρου·
1040 3638 1118 3706 αὐτὴν
1130 3638 1158 3690 δὲ
1171 3640 1211 3691 καὶ
1223 3638 1282 3692 τοὺς
1295 3637 1341 3691 δύο

192 3714 285 3768 παῖδας
296 3710 470 3779 Ἀλεξάνδρου
483 3710 636 3797 Κάσανδρος
652 3709 848 3781 ὁἈντιπάτρου
865 3709 969 3778 ἀναιρεῖ,
985 3710 1031 3762 τὸν
1048 3708 1095 3777 μὲν
1113 3707 1189 3763 αὐτὸς
1201 3706 1342 3778 φονεύσας,

192 3785 238 3837 τὸν
250 3781 273 3836 δ’
285 3782 313 3835 ἐκ
326 3782 453 3850 Βαρσίνης
464 3783 689 3850 Πολυσπερχοντο
700 3781 801 3835 πείσας.

228 3869 253 3920 4.
275 3854 308 3906 In
321 3863 439 3922 utraque
449 3861 539 3906 morte
549 3851 717 3920 praecipuae
726 3861 821 3921 partes
830 3848 1057 3920 Polyspercontis
1065 3849 1184 3917 fuerunt,
1193 3848 1216 3903 si
1227 3849 1342 3919 quidem

195 3932 266 3979 teste
289 3924 432 3991 Polyaeno
451 3921 486 3977 iv.
508 3937 536 3975 11
560 3921 707 3991 Olympias
731 3921 830 3991 Pydna
851 3920 926 3974 exire
947 3930 1050 3974 conata
1072 3929 1115 3973 est
1137 3919 1192 3974 fide
1214 3919 1343 3989 signatae

194 3994 279 4049 anulo
292 3992 519 4063 Polyspercontis
532 3991 669 4062 epistulae
682 4009 767 4062 quam
780 3991 856 4061 prius
871 3990 1032 4045 Cassander
1044 3989 1231 4060 interceperat
1243 4008 1249 4058 ;
1267 3991 1343 4045 unde

168 4091 170 4095 ·
195 4082 246 4134 spe
267 4063 388 4118 triremis
411 4064 530 4133 decepta
550 4079 606 4132 qua
627 4071 713 4116 noctu
735 4061 884 4116 auehenda
904 4060 1012 4128 fuisset,
1031 4078 1049 4115 a
1069 4060 1289 4130 Polysperconte
1311 4078 1343 4115 se

195 4136 323 4189 delusam
336 4133 456 4189 credidit
468 4150 502 4188 ac
516 4133 645 4202 Pydnam
659 4132 821 4187 Cassandro
833 4131 956 4186 tradidit.
989 4130 1073 4200 Quod
1086 4147 1162 4185 mors
1176 4130 1263 4200 ipsius
1277 4147 1343 4185 con-

195 4215 292 4261 secuta
305 4215 356 4259 est.

233 4288 255 4347 5.
275 4276 371 4330 Verba
381 4276 455 4328 Non
467 4273 546 4330 licet
559 4275 621 4328 hoc
635 4272 747 4329 Cereri
761 4271 973 4328 dissimulare
985 4285 1115 4325 sacrum
1130 4269 1199 4324 satis
1211 4269 1284 4322 bene
1297 4285 1342 4322 ex·

229 4447 244 4484 *
262 4447 329 4493 Hunc
340 4444 453 4507 Pyrrhum
464 4444 589 4493 Ptolemaei
601 4444 703 4500 fratrem,
715 4458 761 4490 non
777 4442 857 4494 filium.
869 4440 925 4487 facit
938 4439 1036 4487 lustinus
1047 4437 1126 4486 xxviii.
1138 4449 1161 4497 3,
1174 4444 1197 4486 et
1209 4433 1313 4492 Ouidius,
1324 4436 1344 4483 si

198 4512 269 4560 modo
281 4511 319 4559 hic
329 4511 428 4573 Pyrrhus
439 4518 474 4558 est
485 4520 552 4573 nepos
562 4510 619 4560 dicti
630 4518 707 4557 nostro
718 4507 785 4557 modo
796 4507 899 4554 caratiae
910 4505 980 4568 regis.
