3038 5010
222 394 253 453 xl
634 394 960 456 PROLEGOMENA.

266 552 344 611 Tam
365 553 490 629 grauiter
509 551 620 611 laesum
641 554 706 630 quis
727 554 845 612 mitetur
865 552 1079 612 ultramodum
1099 550 1275 610 indoluisse?
1297 550 1372 611 Illud

225 635 323 710 potius
345 634 480 705 admIror,
503 645 564 692 tam
584 635 749 710 neglectum
770 636 863 693 iacere
882 653 999 694 carmen
1020 652 1079 710 quo
1101 633 1252 691 inmortale
1271 633 1372 692 odIum

226 717 449 774 consecrauerit.
492 715 582 786 Quod
597 734 774 792 quamquam
789 735 882 792 prope
901 716 1019 774 dimidia
1032 725 1113 791 parte
1128 714 1202 772 adeo
1216 716 1373 773 obscumm

226 806 325 854 estut
352 815 405 872 per
428 797 549 855 nebulas
571 806 684 855 tantum
712 797 849 873 pleraque
878 798 1025 872 imaginat,
1054 797 1084 854 in
1113 797 1243 854 uersibus
1267 796 1373 871 quihus

225 877 374 936 inimicum
408 877 527 935 deuouit
560 896 615 936 nec
645 879 777 954 ulgorem
805 877 903 938 Ouidii
932 896 987 936 nec
1015 878 1189 952 elegantiam
1217 877 1373 936 desideres.

226 958 379 1017 Praeterea
397 977 473 1017 unus
492 957 539 1017 hle
556 959 627 1017 liber
640 958 784 1029 Dirarum,
799 970 911 1035 praeter
924 959 1031 1017 Valerii
1045 957 1175 1029 CatonIs‚
1191 958 1221 1014 in
1237 958 1373 1016 manibus

226 1051 290 1099 est:
312 1058 381 1098 nam
396 1038 577 1098 Graecorum
590 1041 662 1113 Ἀραὶ
676 1041 829 1115 perierunt.

267 1119 313 1179 Er
339 1120 509 1179 Callimachi
537 1119 620 1179 Ibide
648 1132 788 1197 quantum
816 1121 971 1198 sumpserit
996 1119 1126 1191 Ouidius,
1152 1121 1293 1180 incertum
1320 1126 1372 1188 est,

227 1220 296 1261 cum
324 1221 361 1260 ne
387 1220 480 1260 unum
508 1202 626 1277 quidem
653 1202 849 1278 fragmentum
876 1221 913 1260 ex
941 1221 976 1260 ea
1003 1203 1135 1278 supersit.
1192 1200 1373 1276 Saluagnius,
1435 1234 1438 1238 -

228 1283 399 1342 adulescens
424 1284 601 1359 pereruditus
624 1292 653 1341 et
674 1284 718 1341 cui
743 1285 866 1342 multum
889 1285 982 1342 tribuo
1003 1285 1043 1342 ob
1064 1282 1210 1354 iudicium,
1232 1284 1256 1341 si
1280 1299 1374 1340 annos

228 1374 350 1440 spectes,
365 1364 515 1440 'singulare
534 1358 570 1440 (si
591 1364 682 1423 modo
702 1365 824 1423 absoluit
845 1366 875 1423 in
895 1364 961 1423 IbIn
982 1365 1244 1423 commentationes
1264 1380 1374 1420 annum

228 1462 320 1522 agens
351 1443 535 1522 uicesimum)
566 1456 656 1503 totam
689 1446 786 1505 Ouidii
818 1447 883 1504 Ibin
914 1464 950 1504 err
981 1445 1176 1504 CalIImachea
1207 1461 1374 1520 expressam

228 1526 357 1586 credidit.
400 1525 511 1584 Verum
525 1526 555 1585 id
569 1526 686 1603 quidem
705 1545 765 1585 non
785 1538 882 1603 potest
895 1545 968 1595 esse,
984 1527 1007 1586 si
1025 1537 1103 1586 recte
1118 1545 1146 1585 u.
1162 1545 1220 1601 449
1235 1527 1374 1600 Interpre-

228 1617 325 1667 tantur
338 1607 382 1666 Ef
397 1609 495 1683 quibus
515 1609 616 1684 exiguo
632 1609 754 1666 uolucris
772 1610 866 1667 deuota
885 1608 972 1666 libello
988 1615 1036 1680 est,
1050 1626 1119 1665 nam
1137 1609 1284 1666 uolucrem
1306 1623 1375 1664 nus·

228 1707 319 1767 quam
333 1687 456 1748 Ouidius
471 1689 597 1748 deuouit.
639 1689 787 1747 Historias
801 1701 908 1761 tamen,
924 1690 947 1748 si
961 1707 1036 1766 quae
1051 1690 1081 1746 In
1095 1688 1265 1747 Callimachi
1278 1687 1374 1745 libello

228 1789 321 1829 caecae
333 1770 455 1839 inerant,
470 1769 605 1829 credibile
620 1780 664 1828 est
679 1789 746 1829 eum
767 1772 953 1830 transtulisse.
996 1770 1054 1829 Sed
1068 1788 1104 1827 ex
1119 1779 1199 1828 tanta
1213 1769 1375 1827 fabularum

228 1852 302 1910 serie
316 1869 391 1927 quae
405 1869 453 1908 uu.
472 1871 486 1908 2
491 1855 569 1925 5r—6
574 1854 610 1925 36
625 1851 768 1928 leguntur,
784 1870 895 1928 paucae
910 1862 1021 1910 tantum
1035 1851 1103 1910 iude
1118 1851 1218 1909 uenire
1232 1857 1375 1927 poterant,

230 1934 293 1992 siue
307 1932 520 2009 epigrammatis
534 1933 663 2004 modum,
679 1934 740 1992 siue
754 1933 893 2009 longioris
913 1951 967 1991 nec
986 1942 1084 1990 tamen
1103 1932 1203 2008 magni
1222 1931 1285 1989 libri
1304 1928 1372 1989 co'n·

230 2015 316 2090 plexa
330 2023 381 2072 est.
412 2012 470 2071 Sed
485 2023 513 2072 et
523 2013 588 2071 Ibin
603 2022 632 2071 et
643 2014 716 2070 Αἵτια
730 2025 758 2072 et
772 2015 827 2073 alia
841 2014 960 2073 fortasse
976 2014 1081 2089 scripta
1092 2012 1261 2071 Callimachi
1276 2029 1376 2070 secum

230 2096 261 2152 in
283 2094 398 2153 exilium
415 2093 538 2153 Ouidius
559 2094 679 2167 tulerat;
708 2113 777 2153 nam
790 2095 946 2155 Leutschio
967 2095 1108 2154 assenti0r
1128 2094 1294 2152 memoriter
1315 2109 1376 2150 non

232 2175 367 2246 tenuisse,
380 2176 547 2252 praesertim
563 2176 767 2235 obscurissima
781 2185 810 2235 et
822 2195 897 2252 quae
909 2176 1042 2237 facillime
1052 2176 1224 2234 memoriam
1236 2174 1376 2249 fugerent.

232 2256 319 2315 Certe
333 2275 369 2314 ex
384 2254 589 2315 Callimacho*
604 2258 688 2315 traxit
702 2257 849 2317 historiam
864 2258 901 2316 de
915 2257 1035 2316 Eteocle
1049 2267 1077 2316 et
1091 2256 1227 2334 Polynice
1242 2273 1317 2332 quae
1331 2255 1376 2313 bis

233 2338 277 2396 Ib.
294 2353 342 2412 35,
357 2337 446 2397 Trist.
460 2356 486 2395 v,
503 2354 528 2411 5.
540 2357 577 2412 33
593 2348 707 2397 narrata
721 2351 772 2398 est.

396 2418 527 2478 Consilio
549 2437 705 2478 commune
727 2438 841 2479 sacmm
862 2439 929 2478 cum
951 2421 1001 2479 fiat
1021 2420 1052 2478 in
1073 2439 1122 2480 ara

436 2500 581 2558 Fratribus
602 2500 712 2560 alterna
732 2501 781 2578 qui
802 2502 911 2579 periere
932 2521 1029 2574 manu,

396 2580 466 2657 Ipsa
487 2582 540 2639 sibi
562 2582 681 2653 discors,
703 2593 853 2660 tamquam
875 2583 1027 2643 mandetur
1048 2585 1085 2642 ab
1107 2583 1169 2653 illis,

438 2662 585 2721 Scinditur
605 2663 634 2720 in
656 2673 752 2739 partes
774 2676 834 2723 atra
855 2664 949 2723 fauilla
964 2665 1045 2724 duas.

398 2743 476 2815 Hoc,
491 2744 619 2815 memini,
633 2745 783 2821 quondam
804 2747 865 2805 fieri
885 2764 947 2805 non
968 2764 1057 2822 posse
1077 2746 1226 2822 loquebar,

437 2824 475 2883 Et
496 2843 543 2884 me
565 2825 712 2885 Battiades
733 2827 826 2886 iudice
848 2827 937 2886 falsus
958 2837 1026 2886 erat.

233 2906 282 2964 Ex
308 2905 487 2965 Callimacho
512 2907 600 2965 etiam
622 2908 738 2966 fluxisse
762 2909 876 2967 uidetur
896 2909 1015 2967 historia
1037 2907 1073 2967 de
1096 2908 1217 2966 Simone
1235 2907 1379 2966 Thessalo

235 2987 482 3063 Eurydamantem
503 2991 579 3047 circo
600 2989 678 3047 busta
704 2989 854 3064 Thrasylli
873 2988 930 3069 (lb.
953 2986 1024 3066 331)
1045 2999 1185 3066 raptante,
1207 3000 1239 3048 ut
1261 2998 1380 3048 testatur

237 3069 335 3127 Schol.
356 3068 390 3127 Il.
411 3069 478 3127 xxii
502 3084 570 3144 397,
596 3071 657 3128 siue
679 3090 716 3129 ex
739 3071 822 3129 Ibide
851 3082 882 3129 ut
910 3070 1042 3129 Bentleio
1065 3071 1160 3129 uisum
1181 3081 1232 3141 est,
1257 3072 1318 3129 siue
1343 3088 1379 3128 ex

237 3150 327 3209 Aetiis
346 3160 377 3209 ut
398 3161 464 3226 post
484 3151 643 3228 Bergkium
665 3151 843 3212 Schneidero
862 3151 903 3228 (p.
920 3150 1006 3230 627),
1031 3151 1068 3210 de
1084 3160 1198 3210 seruato
1220 3151 1379 3220 SImonide,

237 3250 305 3290 cum
322 3230 440 3308 Scopas
458 3251 494 3290 ex
513 3233 708 3291 Aleuadarum
730 3245 810 3292 ortus
832 3234 982 3310 sanguine,
1003 3233 1087 3291 ruina
1102 3235 1207 3292 domus
1229 3233 1381 3309 extingue·

236 3323 313 3371 retur
340 3310 398 3392 (Ib.
423 3333 489 3386 511,
520 3314 632 3373 Callim.
659 3315 691 3374 fr.
718 3330 753 3390 71
782 3315 883 3389 Schn.)
897 3335 904 3386 3
939 3314 975 3373 de
997 3314 1122 3372 Limone
1152 3314 1196 3392 (fr.
1225 3315 1311 3391 457);
1344 3313 1381 3371 de

236 3393 455 3471 Erysichthonis
469 3396 554 3465 fame,
567 3415 624 3472 qua
638 3395 707 3454 nihil
722 3397 848 3455 nobilms
860 3395 1054 3456 Callimachus
1069 3396 1179 3472 scripsit
1194 3393 1248 3475 (H.
1264 3394 1329 3454 Cer}
1343 3413 1380 3470 33

235 3473 321 3553 sqq.),
336 3476 373 3534 de
388 3475 576 3535 Cleombroto
592 3475 659 3553 (Ep.
677 3475 736 3554 25).

277 3557 324 3615 Ex
344 3556 436 3615 Aetiis
457 3567 573 3633 sumpta
594 3567 661 3615 sunt
683 3558 729 3616 uel
750 3567 884 3633 poterant
905 3559 979 3616 sumi
999 3557 1091 3616 haec:
1121 3558 1222 3617 Minos
1243 3576 1260 3615 a
1282 3555 1382 3616 Cocali

237 3638 349 3697 filiabus
376 3638 542 3696 Interiectus
564 3638 609 3717 (fr.
626 3637 667 3716 5),
685 3639 838 3715 Hippolyti
859 3639 1013 3719 exitus·(fr.
1030 3638 1072 3716 7),
1091 3640 1201 3698 Trasus
1222 3640 1252 3696 in
1271 3637 1381 3713 templo

237 3738 255 3778 a
276 3721 396 3778 canibus
417 3718 507 3777 Deliis
528 3720 669 3778 laceratus
687 3717 731 3798 (fr.
749 3718 788 3797 9),
806 3721 880 3778 AIax
899 3721 999 3779 Oileus
1019 3732 1137 3798 propter
1155 3720 1292 3779 uiolatam
1311 3717 1383 3776 Cas·

238 3802 375 3859 sandram
395 3801 468 3858 ictus
489 3801 607 3858 fulmine
628 3801 707 3859 iuxta
727 3801 880 3860 Euboeam
902 3800 946 3877 (fr.
971 3799 1044 3878 13⁶),
1066 3801 1218 3860 Coroebus
1239 3799 1284 3881 (fr.
1310 3796 1382 3875 130),

238 3882 367 3940 Phalaris
390 3890 419 3939 et
442 3880 569 3953 Perillus,
592 3883 616 3940 si
640 3882 712 3941 fides
737 3892 780 3941 est
805 3882 959 3941 Plutarcho
984 3902 1036 3941 seu
1061 3883 1124 3958 quis
1149 3884 1221 3941 alius
1247 3881 1384 3941 Parallela

239 3963 351 4038 scripsit
372 3961 416 4041 (fr.
434 3963 493 4040 25).
535 3963 620 4022 Haec
642 3965 720 4022 enIm
744 3965 774 4020 in
796 3965 887 4024 Aetiis
909 3964 995 4022 fuisse
1016 3976 1128 4023 ueteres
1146 3963 1331 4032 tradiderunt,
1352 3970 1385 4019 ut

239 4044 388 4102 Bentleius
410 4043 628 4103 demonstrauit.
672 4045 730 4104 Sed
751 4054 779 4103 et
801 4045 953 4121 conplures
974 4046 1043 4104 alias
1063 4045 1196 4104 historias
1217 4062 1289 4120 quas
1309 4042 1385 4101 Ibidi

240 4144 309 4183 suae
329 4125 459 4195 intexuit,
482 4126 621 4185 Ouidium
646 4127 714 4184 hinc
739 4127 896 4202 sumpsisse
918 4144 988 4185 uero
1014 4127 1106 4185 simile
1127 4127 1159 4184 fit
1183 4145 1220 4184 ex
1245 4126 1285 4184 eis
1310 4142 1385 4201 quae

241 4206 434 4265 Schneiderus
449 4207 603 4285 disputauit
618 4206 729 4266 Callim.
745 4208 771 4265 ii.
789 4227 839 4284 pp.
855 4210 984 4282 35·¹1⁶·
1026 4208 1114 4266 Velut
1133 4208 1165 4265 in
1184 4207 1281 4283 primo
1302 4207 1384 4275 libro,

272 4382 372 4492 *lilanc
384 4379 502 4428 Heckerus
514 4382 543 4429 ad
555 4381 613 4438 IbIn,
626 4382 654 4429 ad
667 4379 738 4429 Atria
750 4390 803 4442 post
814 4379 981 4429 RuhnkenIum
996 4381 1144 4429 Schneiderus
1160 4381 1251 4430 Callim.
1264 4381 1288 4427 ii.
1299 4394 1322 4440 p.
1336 4376 1385 4427 626

238 4456 287 4495 retu
297 4456 323 4496 rt.
