3038 5010
564 406 891 468 PROLEGOMENA.
1239 427 1297 466 xxv

152 569 253 646 rigetii
273 573 366 626 restat.
408 565 479 623 Erat
499 565 586 641 igitur
600 564 748 624 Labienus
769 583 861 641 egens
873 564 990 623 infamis
1009 563 1138 636 odiosus,
1153 566 1252 624 animo
1270 577 1300 626 et

150 650 269 725 ingenio
289 649 394 726 pariter
407 647 549 718 uiolentus,
563 647 680 723 linguae
700 645 774 705 adeo
793 646 939 705 mordacis
954 656 982 705 et
999 647 1133 705 efferatae
1148 657 1179 705 ut
1193 647 1300 705 Rabies

61 777 63 782 .
150 740 312 801 uocaretur,
324 739 353 788 et
366 731 466 787 cani'iia
479 730 553 786 deute
566 729 608 786 uti
622 729 764 786 diceretur
778 747 795 786 a
809 727 929 804 populo.
956 727 1040 786 Haec
1055 729 1155 787 omnia
1169 729 1205 787 de
1216 729 1300 787 Ibide

151 811 262 870 eisdem
283 829 378 887 paene
399 810 478 868 urbis
500 809 585 867 tradit
604 808 734 880 Ouidius,
749 827 778 867 u.
800 828 837 883 29
860 807 988 866 Calcasti
1003 811 1055 883 qui
1072 828 1120 881 ine,
1136 810 1300 881 uiolente,

56 941 59 945 .
152 895 288 963 ementem,
307 911 364 966 229
383 890 558 966 Gutturaque
576 891 724 948 induerant
740 891 864 969 infantia
883 891 951 948 laete
964 891 1096 962 canino,
1112 892 1173 949 Hic
1188 894 1301 965 primus

145 976 235 1050 peuri
249 977 327 1031 uenit
345 975 375 1030 in
395 991 445 1031 ara
464 972 548 1030 cibus.
564 971 694 1029 Perbibit
713 972 774 1028 iude
791 990 857 1028 suae
875 972 1005 1030 rabiem
1024 975 1142 1029 nutricis
1161 974 1299 1044 alumnus,
1406 982 1414 995 '

151 1054 270 1114 Latrat
283 1062 310 1112 et
321 1057 351 1112 iii
365 1061 416 1111 tota
430 1053 515 1111 uerba
528 1056 631 1111 canina
641 1055 722 1132 sara.
763 1051 849 1122 Quae
868 1060 964 1111 autem
980 1053 1091 1112 Seneca
1110 1054 1189 1112 addit
1206 1054 1243 1112 de
1256 1057 1301 1111 in·

147 1139 263 1212 geuibsa
281 1138 312 1194 in
326 1146 430 1210 poenas
450 1136 616 1206 crudelitate,
632 1152 690 1210 qua
706 1144 758 1209 per
770 1132 894 1191 Labieni
908 1136 1032 1191 immicos
1047 1134 1182 1193 effectum
1204 1145 1248 1194 est
1268 1146 1301 1195 ut

151 1218 289 1276 historiae
311 1217 372 1276 eius
394 1216 630 1286 conburerentur,
650 1212 698 1292 (cf.
721 1214 799 1273 Suet.
822 1215 884 1273 Cal.
905 1214 955 1291 16)
976 1234 1050 1291 quae
1071 1233 1117 1274 res
1138 1217 1169 1274 in
1190 1234 1301 1275 annum

154 1297 225 1376 7651
237 1317 270 1356 12
284 1298 396 1356 uidetur
410 1295 514 1355 cadere
529 1294 608 1374 (uide
622 1295 710 1354 Dion.
726 1295 759 1354 C.
776 1297 824 1369 56.
842 1292 892 1371 27)
906 1297 940 1354 iis
959 1296 1052 1372 potuit
1071 1297 1167 1373 ipsum
1182 1316 1301 1356 carmen

152 1380 244 1439 Ibidis
259 1379 376 1455 oblique
389 1379 553 1454 respexisse
562 1397 570 1449 ;
600 1396 671 1434 nam
690 1386 719 1435 et
738 1386 833 1436 totum
853 1395 970 1436 carmen
987 1378 1017 1435 in
1032 1378 1179 1454 multiplici
1194 1397 1302 1454 genere

152 1479 316 1537 poenarum
330 1469 469 1526 uersatur,
486 1469 514 1518 et
529 1478 604 1536 quae
619 1459 731 1518 Seneca
745 1458 781 1517 de
795 1457 975 1518 redundante
988 1460 1019 1516 in
1033 1458 1154 1517 Labieni
1168 1461 1302 1519 inimicos

153 1542 295 1618 supplicio
315 1541 391 1611 dicit,
407 1540 499 1598 multo
518 1541 614 1598 uerius
634 1540 670 1598 de
689 1541 754 1615 ipso
768 1539 899 1597 Labieno
917 1540 1150 1615 intelligerentur,
1166 1542 1190 1599 si
1208 1542 1302 1600 insec-

152 1623 244 1681 tando
259 1621 398 1682 Ouidium
412 1621 555 1680 effecisset
569 1631 600 1681 ut
614 1622 777 1697 supplicium
791 1622 822 1678 ale
835 1620 935 1678 studiii
947 1628 1108 1695 sumeretur,
1123 1623 1147 1680 si
1161 1640 1214 1699 pro
1229 1623 1302 1681 uirili

154 1706 295 1781 ingenium
323 1709 429 1781 poetae
453 1705 668 1779 proscripsisset,
693 1702 717 1760 si
746 1703 870 1778 denique
894 1704 925 1758 in
953 1709 1036 1778 caput
1059 1723 1140 1760 suum
1168 1711 1303 1780 regestum

155 1787 309 1843 iustissima
324 1785 452 1861 patiendi
469 1787 527 1841 uice
547 1785 620 1860 quad
636 1781 775 1841 Ouidiaua
791 1785 1001 1860 excogitauerat
1016 1786 1147 1860 supplicia
1168 1786 1231 1861 ipse
1251 1804 1303 1843 ex·

152 1869 257 1942 piasset
276 1885 334 1924 sua.
376 1865 457 1927 Hinc
480 1875 604 1924 tractum
628 1864 761 1923 existimo
785 1865 855 1923 illud
879 1864 928 1923 Di
948 1867 1069 1924 meliust
1099 1867 1179 1942 quod
1202 1876 1230 1925 et
1255 1885 1301 1942 ap.

155 1946 300 2007 Senecam
314 1957 342 2005 et
355 1948 385 2005 in
394 1947 439 2007 lb.
451 1967 479 2006 2.
491 1966 506 2004 2
511 1967 528 2022 3
543 1947 646 2022 legitur
657 1945 699 2003 Di
713 1946 843 2016 melius,
856 1965 971 2021 quorum
985 1947 1063 2024 lange
1075 1947 1148 2005 mibi
1158 1950 1304 2005 maximus

156 2030 202 2086 ille
219 2036 260 2087 est
276 2034 369 2099 κ.τ.λ.;
395 2031 484 2087 etiarn
505 2027 626 2088 fortasse
641 2026 762 2085 Labieni
783 2036 907 2086 mortem
928 2029 1055 2104 respexit
1072 2028 1115 2086 lb.
1130 2047 1158 2088 2.
1174 2043 1232 2102 519
1249 2030 1303 2086 ln-

156 2109 341 2188 clususque
360 2129 447 2168 necem
464 2112 587 2185 patiaris
603 2116 636 2166 ut
655 2110 701 2167 ille
719 2108 797 2167 Non
818 2108 1035 2184 profecturae
1057 2109 1219 2168 conditor
1239 2110 1303 2168 his·

156 2192 271 2250 toriae.
312 2190 390 2249 Nam
404 2201 433 2250 et
442 2191 632 2250 Callisthenes
647 2199 676 2248 et
688 2190 835 2249 Labienus
845 2191 978 2250 historias
992 2190 1173 2266 scripserant,
1182 2200 1303 2267 uterque

156 2272 285 2331 inclusus
299 2273 389 2348 periit,
406 2273 566 2343 caueaille,
580 2271 626 2330 hic
641 2271 805 2347 sepulchra.
1090 2270 1097 2286 '

198 2353 235 2411 T.
251 2353 414 2412 Labienum
433 2355 463 2411 in
478 2353 578 2411 Africa
596 2362 697 2411 natum
717 2371 781 2411 esse
800 2371 1086 2429 quamquam.nemo
1106 2353 1228 2424 tradidit,
1243 2373 1304 2413 non

156 2453 194 2494 ex
216 2453 253 2493 eo
278 2435 310 2493 fit
331 2435 523 2511 improbabile
547 2434 627 2511 quod
650 2434 718 2492 dicit
740 2434 933 2505 Quintilianus
955 2435 972 2492 i.
996 2448 1021 2508 5.
1046 2448 1062 2509 1
1084 2435 1304 2494 Barbarismum

150 2515 285 2592 pluribus
299 2517 385 2574 madir
402 2518 559 2592 accipimus,
574 2534 660 2572 unum
670 2523 756 2590 gente,
771 2518 851 2590 quale
868 2522 914 2581 est,
930 2518 960 2573 si
970 2519 1033 2590 quis
1045 2515 1154 2595 Afrum
1173 2518 1219 2574 uel
1229 2517 1304 2575 His-

152 2607 259 2672 panum
273 2596 395 2655 Latinae
411 2599 535 2655 arati'oni
549 2615 642 2654 nomen
657 2600 777 2655 inserat:
799 2604 833 2655 ut
838 2599 966 2675 ferrum,
981 2616 1032 2673 quo
1045 2604 1120 2655 rotae
1132 2600 1304 2669 uimiuutur,

157 2680 216 2736 dici
233 2679 299 2737 salet
318 2678 448 2751 ‘mutua'
467 2697 633 2754 quamquam
654 2697 682 2735 eo
702 2685 843 2752 tamquam
863 2686 964 2754 recepta
984 2681 1074 2737 utitur
1086 2678 1215 2750 Persius,
1234 2682 1308 2738 sicut

160 2759 291 2819 Catullus
312 2760 492 2834 ‘ploxenum’
513 2765 591 2817 circa
604 2759 719 2817 Padurn
740 2762 852 2829 inuenit,
874 2767 900 2817 et
918 2763 949 2817 in
970 2763 1091 2818 aratiane
1108 2760 1231 2819 Labieni
1247 2764 1306 2818 siue

158 2842 210 2898 ilbi
224 2840 341 2899 Corneli
354 2840 437 2899 Galli
447 2847 488 2898 est
500 2843 530 2898 in
541 2840 694 2899 Pollionem
709 2841 839 2899 ‘casamo’
854 2842 1004 2899 adsectator
1017 2861 1030 2898 e
1047 2840 1146 2899 Gallia
1159 2844 1306 2903 adductum

157 2929 203 2980 est.
246 2921 325 2980 Nam
340 2921 509 2992 Quintiliani
522 2922 618 2980 uerbis
633 2922 700 2981 satis
720 2921 829 2981 facturn
842 2923 894 2980 erit
909 2923 932 2980 si
947 2923 983 2980 de
998 2921 1092 2980 Gallia
1111 2933 1161 2981 aut
1174 2934 1205 2982 ut
1220 2925 1306 2983 unius

159 3003 248 3062 Corn.
271 3002 347 3062 Galli
369 3002 572 3062 foroiuliensis
593 3004 684 3079 patria
705 3003 811 3062 dixisse
834 3004 987 3079 putabitur,
1009 3013 1058 3061 aut
1083 3012 1115 3062 ut
1138 3005 1215 3063 auita
1236 3005 1305 3063 sede

158 3083 365 3154 Labienorum,
386 3103 454 3143 curn
475 3084 623 3143 Labienus
643 3085 667 3143 is
689 3085 738 3159 qui
758 3084 872 3160 legatus
894 3082 1010 3145 Caesari
1032 3102 1110 3143 anno
1133 3085 1250 3162 ⁶9⁶l58
1277 3096 1306 3145 et

158 3175 262 3242 postea
290 3162 408 3242 700154
438 3166 475 3224 ad
505 3164 619 3242 723151
648 3160 760 3224 Galliae
788 3164 918 3241 praefuit,
947 3165 986 3222 ibi
1014 3164 1063 3222 diu
1091 3166 1181 3241 egerit
1208 3166 1305 3241 ibique

159 3247 288 3323 insignes
312 3264 358 3304 res
382 3246 460 3305 bello
483 3247 611 3322 gesserit,
633 3247 710 3306 unde
734 3245 843 3304 famam
865 3246 1017 3304 militarem
1042 3263 1103 3304 non
1127 3246 1306 3306 mediocrem

84 3362 90 3371 -
159 3336 334 3386 consecutus
354 3337 405 3386 est.
448 3327 507 3386 Hic
522 3327 669 3386 Labienus
686 3336 843 3404 postquam
864 3344 943 3385 anno
960 3327 1077 3406 725149
1093 3346 1110 3386 2
1124 3327 1248 3386 Caesare
1268 3329 1306 3388 ad

159 3408 333 3484 Pompeium
356 3408 556 3486 transfugerat,
579 3427 658 3468 anno
686 3408 805 3467 demum
828 3408 944 3482 708146
967 3408 1097 3484 Cyrenas
1125 3409 1155 3467 in
1176 3409 1307 3468 Africam

159 3489 326 3565 profectus,
338 3507 409 3549 mox
431 3508 498 3549 curn
519 3490 640 3549 Afranio
662 3490 835 3565 Petreioque
856 3490 915 3548 dux
937 3489 1184 3566 Pompeianorum
1205 3501 1307 3550 contra

161 3570 317 3629 Caesarem
332 3571 507 3642 decertabat,
521 3573 561 3629 uti
578 3579 725 3630 narratum
742 3580 787 3630 est
804 3571 835 3629 in
856 3572 933 3630 bello
948 3571 1087 3630 Africano
1106 3591 1138 3629 ra
1155 3591 1218 3649 sqq.
1260 3571 1307 3631 Ibi

159 3652 190 3709 in
210 3652 330 3727 regione
350 3653 430 3711 iuxta
447 3652 552 3729 Syrtim
567 3652 722 3724 Minorem,
739 3670 798 3728 qua
818 3653 849 3710 in
869 3653 988 3727 regione
1009 3653 1119 3729 oppida
1140 3664 1207 3712 sunt
1221 3653 1308 3713 Utica

161 3733 295 3809 Ruspina
315 3732 415 3809 Leptis
439 3752 530 3810 parua
550 3734 765 3793 Hadrumetum
787 3732 934 3808 Thapsus,
955 3752 1016 3791 non
1042 3735 1129 3808 longe
1152 3754 1170 3793 a
1193 3735 1307 3813 Cinype

160 3814 250 3873 fluuio
279 3814 328 3890 qui
351 3815 426 3873 inter
453 3815 525 3874 duas
549 3814 646 3891 Syrtes
670 3815 782 3873 medius
809 3814 878 3885 fluit,
906 3814 1069 3873 Labienum
1095 3816 1184 3887 illurn,
1210 3815 1308 3876 Ouidii

161 3896 393 3967 obtrectatorem,
414 3896 525 3955 editum
546 3896 634 3955 credo
655 3895 760 3953 Maura
784 3904 884 3966 matre,
905 3897 966 3953 siue
989 3897 1138 3972 cumipse
1160 3897 1307 3958 Labienus

161 3987 364 4053 progenuerat,
380 3977 440 4036 siue
459 3996 495 4035 ex
517 3978 573 4036 alio
595 3987 695 4035 natum
716 3994 770 4052 pro
792 3993 846 4034 suo
865 3977 1062 4052 adoptauerat.
1105 3977 1190 4048 Quae
1207 3979 1307 4054 opinio

162 4058 186 4116 si
205 4075 276 4116 uera
296 4067 348 4128 est,
369 4058 489 4134 hybrida
510 4059 579 4130 fuit;
606 4057 685 4134 quod
706 4057 882 4116 uocabulum
904 4058 1004 4116 nescio
1026 4075 1085 4133 quo
1107 4077 1177 4117 casu
1197 4061 1308 4136 primus

161 4139 312 4215 usurpauit
325 4139 449 4215 scriptor
463 4139 535 4198 Belli
549 4139 678 4198 Africani
695 4138 732 4197 de
750 4140 815 4215 ipso
829 4138 960 4197 Labieno
974 4140 1097 4214 loquens
1115 4159 1150 4215 19
1166 4139 1309 4200 Labienus

161 4238 227 4294 quas
241 4220 284 4278 ibi
294 4220 337 4297 (in
350 4218 461 4297 Africa)
476 4228 571 4295 pastea
590 4239 629 4278 ex
647 4220 773 4294 bybridii
791 4220 930 4278 libertim's
948 4222 1087 4295 seruisque
1100 4224 1307 4297 caiiscri'pserat,

161 4309 331 4360 armamrat.
348 4301 423 4361 Sane
433 4303 613 4360 confluxerat
621 4320 658 4360 eo
667 4303 739 4361 mira
747 4302 886 4360 colluuies
894 4302 1308 4379 libertinorum,Afrarurri,ser-

163 4400 260 4440 uarum
271 4384 383 4458 denique
396 4391 422 4441 et
432 4384 636 4458 cuiusquemodi
637 4385 751 4461 generis
759 4384 898 4441 bominum
910 4382 1021 4463 (aaa.
1032 4379 1093 4460 36),
1105 4383 1204 4458 quales
1214 4383 1307 4439 inimi·

163 4481 231 4522 cum
246 4481 332 4522 suurn
346 4482 515 4540 procreasse
526 4465 650 4525 Ouidius
665 4473 794 4541 optasset
808 4475 894 4536 certe,
909 4464 995 4522 credo
1011 4465 1098 4522 etiam
1113 4463 1292 4538 significauit.
