3038 5010
655 404 699 464 IN
728 405 826 466 IBIN.
1278 411 1314 466 51

164 564 263 641 giendi
278 565 631 624 Achaemenidemfilium
641 565 719 623 Ada-
761 584 862 624 unum
882 565 1005 624 Fronte
1026 560 1114 642 geris
1141 565 1251 624 media
1271 584 1318 623 ra-

164 647 259 718 masti,
285 665 373 723 quem
401 647 521 705 tandem
545 647 623 705 fame
648 665 719 706 eon-
762 648 831 724 piet
855 648 925 718 tibi,
948 647 1039 719 dixit,
1061 647 1186 705 Vlixes.
1230 646 1319 704 Risit

164 727 273 787 fectum
286 728 406 787 Aeneas
421 729 460 786 ibi
473 729 650 805 praeteriens
667 730 721 786 mi·
762 739 975 800 et,ouatum
998 729 1233 800 stolidissime,
1255 728 1317 786 fal·
1378 768 1381 770 -

166 821 261 868 sertus
294 811 327 869 in
361 828 445 868 suam
480 810 579 868 nanim
602 811 719 887 recepit.
761 810 856 884 leris,
872 812 996 886 inquit.
1040 811 1161 872 Altera
1182 810 1317 869 iamra-

163 889 261 948 Mure.
761 893 847 969 pult.
892 892 925 952 C.

207 987 274 1047 271.
289 971 334 1031 Vt
348 973 597 1032 duoPhinidae.
622 973 720 1034 †Poli·
804 973 989 1037 †Polidector
1013 984 1041 1032 et
1066 972 1276 1050 Polidophus,†
1301 990 1318 1030 a

163 1055 263 1112 dector
288 1063 317 1112 et
338 1054 541 1130 Polidoplrus†
565 1054 668 1112 Phinei
693 1065 721 1114 et
762 1054 875 1114 Phineo
912 1073 1015 1113 eorum
1051 1065 1132 1132 patre
1169 1055 1318 1114 excaecati

164 1134 338 1211 Cleopatrae
349 1135 398 1194 filii
410 1155 427 1194 a
438 1147 518 1211 patre
530 1146 597 1196 sunt
612 1138 721 1196 caecati
763 1147 839 1197 sunt.
878 1132 964 1217 [Hic]
977 1138 1013 1196 de
1025 1136 1230 1196 excaecatione
1242 1136 1316 1193 filio-

163 1215 238 1275 lalso
251 1235 396 1276 nouercae
411 1218 538 1276 crimine.
580 1217 621 1277 P.-
761 1237 835 1288 rum,
851 1236 937 1293 supra
951 1217 987 1277 de
1007 1219 1212 1277 excaecatione
1228 1217 1317 1293 patris

760 1319 778 1358 a
789 1300 862 1359 Ioue
873 1296 914 1377 [et
928 1303 1135 1358 stercoratione
1148 1316 1317 1357 mensarum

761 1384 798 1440 ab
818 1382 917 1457 Arpiis
929 1376 951 1461 z]
977 1390 1006 1439 et
1025 1382 1066 1444 sic
1085 1397 1146 1438 non
1166 1379 1318 1456 superfluit

762 1459 833 1543 [hoc
849 1463 928 1539 quod
943 1463 971 1522 d.
985 1463 1026 1520 ibi
1040 1462 1167 1535 Qualis
1184 1471 1218 1520 et
1239 1462 1317 1538 ipse

762 1540 853 1624 suit]
898 1543 1043 1604 caasa

166 1649 168 1654 ·
206 1639 272 1699 272.
305 1624 504 1702 Thamyrae
540 1625 715 1687 Demodo·
797 1627 835 1684 Et
850 1626 990 1684 Thamira
1008 1636 1036 1684 et
1057 1624 1248 1684 Demodocus
1267 1640 1315 1680 su·

162 1706 266 1782 cique
281 1717 396 1783 caput.
424 1708 716 1768 ThamiraetDemo-
757 1708 848 1785 perati
863 1716 939 1779 sunt,
955 1706 1097 1765 Thamira
1118 1707 1155 1764 ab
1170 1704 1307 1780 Apolline

163 1788 252 1847 docus
273 1789 342 1846 uicti
364 1799 451 1848 cantu
470 1809 488 1847 a
505 1789 600 1849 Musis
619 1791 719 1849 lumen
759 1788 951 1849 Demodocus
965 1808 983 1848 a
998 1788 1101 1857 Musis,
1113 1787 1191 1846 unde
1205 1786 1316 1843 lumina

163 1871 328 1928 amiserunt.
369 1871 409 1929 P.
758 1871 924 1930 amiserunt.
982 1869 1016 1929 C.
1072 1869 1111 1928 Et
1141 1868 1189 1926 hic
1222 1868 1316 1943 tangit

204 1952 360 2009 Thamiras
385 1970 456 2010 cum<
481 1951 628 2027 Apolline,
656 1953 716 2012 De·
758 1953 885 2012 fabulam
922 1952 1090 2023 Thamirae,
1128 1959 1217 2026 quem
1255 1966 1316 2007 cer·

162 2034 302 2092 modocus
321 2052 389 2092 curn
414 2032 508 2092 Musis
529 2044 717 2094 certaverunt.
758 2044 870 2093 tantem
898 2053 965 2093 cum
987 2033 1082 2092 Musis
1103 2032 1208 2091 Musae
1237 2031 1315 2088 uice·

165 2113 202 2173 G.
759 2124 826 2174 runt
850 2125 879 2174 et
903 2115 1115 2174 interfecerunt.
1161 2111 1199 2170 Et
1224 2111 1317 2186 tangit

204 2212 205 2216 ’
760 2197 888 2256 fabulam
922 2197 1095 2267 Demodoci,
1132 2211 1220 2271 quem
1255 2210 1315 2250 cer·
1375 2235 1378 2239 .

759 2288 869 2337 tantem
904 2296 972 2337 cum
1014 2277 1137 2337 Phoebo
1179 2273 1317 2334 Phoebus

206 2372 272 2433 273.
294 2358 349 2418 Sic
365 2359 487 2436 aliquis
501 2369 557 2419 tua
570 2362 720 2420 membra
759 2361 827 2419 uicit
841 2369 871 2418 et
883 2359 1035 2418 interemit.
1077 2358 1147 2418 Asa.

163 2449 266 2499 secet.
310 2442 450 2500 Saturnus
465 2441 556 2502 Caelo
575 2443 648 2518 patri
663 2461 718 2502 suo
801 2443 941 2500 Saturnus
955 2442 1028 2517 patri
1045 2459 1100 2500 suo
1115 2440 1205 2500 Caelo
1224 2440 1316 2500 uirilia

162 2522 300 2597 genitalia
328 2525 496 2598 amputauit,
522 2523 618 2582 *Vnde
648 2524 717 2583 Cal·
759 2523 883 2581 abscidit
896 2541 933 2580 ne
949 2523 1037 2581 alium
1051 2522 1142 2580 filium
1154 2530 1315 2598 generaret.

162 2605 242 2662 meto:
268 2602 414 2662 Saturnus
427 2606 536 2663 credam
557 2625 642 2664 anum
664 2606 719 2664 lae·
762 2603 1054 2679 *Vnde†Premptz‘us
1067 2604 1114 2661 uel
1127 2603 1314 2668 Calmetbestr

162 2686 229 2742 sehse
252 2692 401 2760 parentem,
430 2685 509 2757 Tres,
534 2706 589 2745 nan
612 2694 720 2745 tantum
761 2685 906 2746 Saturnus
920 2690 993 2744 κ.τ.λ.
1039 2686 1073 2745 C.

162 2785 247 2824 unum
271 2768 389 2825 laeserat
410 2768 457 2826 ille
479 2775 600 2845 patrem.
649 2767 718 2827 Nm

162 2849 262 2922 inpam
275 2855 372 2920 lamen,
387 2869 453 2907 nam
469 2857 550 2925 parte
568 2857 609 2908 est
626 2851 717 2907 laesus

161 2931 260 3000 eadem,
289 2928 462 3006 Famamque
491 2952 510 2989 a
541 2939 606 2990 nalo
633 2951 717 3007 quam

155 3011 236 3087 ,dedit
264 3012 320 3085 e‘pm
351 3013 423 3071 tulit.
479 3013 581 3072 Peccat
606 3020 716 3088 uterque

161 3092 258 3163 †male,
273 3093 322 3149 sed
331 3112 392 3150 eam
410 3094 479 3151 male
492 3103 585 3169 peccat
596 3104 715 3169 uterque,

63 3222 66 3229 ,
161 3171 222 3230 Hic
231 3181 326 3248 peccat
333 3176 416 3248 peius
434 3177 487 3249 qui
497 3178 579 3251 pre'us
597 3178 649 3234 illa
659 3178 715 3252 fa·
822 3169 827 3176 ⁴

161 3255 204 3311 cit.
240 3254 356 3313 Credere
369 3257 425 3315 uix
445 3259 537 3315 ausim
557 3278 612 3316 esse
631 3259 716 3327 deas,·

161 3353 202 3391 me
225 3337 312 3394 z'ude'ce
339 3349 430 3413 nempe
460 3337 531 3396 Tam
565 3340 635 3397 male
668 3340 721 3413 qui

155 3425 254 3491 peccat
277 3437 324 3476 nec
339 3420 403 3477 deus
417 3426 515 3478 estnec
528 3419 630 3480 homa*
669 3419 706 3480 G.

162 3643 248 3696 Ouidii
317 3642 522 3711 poliphoemum
535 3644 646 3699 additC
714 3645 784 3710 geris
796 3646 879 3699 om.C
948 3643 1054 3711 rapitC
1122 3640 1173 3695 alia
1186 3642 1239 3694 iam
1253 3642 1282 3695 C.

199 3729 258 3775 271.
277 3713 431 3766 Polinestor
451 3721 479 3767 et
499 3715 642 3782 polidoxus
663 3714 725 3768 linei
746 3718 770 3767 P
856 3714 993 3784 polidetor
1014 3722 1043 3767 et
1063 3713 1222 3782 polidephus
1243 3714 1309 3766 Ask.

161 3783 289 3852 phini0C
371 3782 451 3853 [Hic]
466 3806 514 3838 om.
528 3787 556 3851 C,
568 3787 656 3839 addidi
667 3807 698 3840 ex
712 3789 775 3839 Ask.
859 3785 1075 3854 et-Arpiisom.
1089 3786 1154 3839 Ask.
1242 3785 1309 3838 dicit

161 3870 235 3906 nunc
247 3853 283 3906 ibi
296 3855 319 3908 C
387 3855 528 3909 hoc-fuit
540 3876 589 3909 om.
603 3859 667 3910 Ark.

199 3940 258 3987 272.
277 3925 440 3978 demodofus
451 3929 476 3978 P
539 3927 708 3995 demophous
723 3929 747 3981 G
805 3932 867 3981 Post
879 3932 1057 3981 certauerunt
1071 3927 1094 3980 G
1106 3927 1179 3992 addit
1191 3941 1309 3994 quorum

161 3996 250 4064 capita
258 3993 347 4048 lineus
359 3997 519 4064 amputauit.
593 3999 629 4050 Et
641 3999 759 4051 thamira
772 4005 800 4052 et
813 3997 964 4065 demophus
977 3998 1000 4050 C
1067 3996 1233 4065 demophoni
1244 4000 1309 4051 Ask.

160 4066 393 4131 1273.CelioG
452 4068 590 4121 cerelioC
646 4070 722 4122 caelo
735 4070 806 4137 patri
818 4067 933 4121 abscidit
945 4067 1040 4133 uirilia‚
1053 4069 1126 4120 unde
1139 4067 1309 4120 callisthenes

163 4139 227 4191 Ask.
299 4138 408 4190 Callxto
420 4158 507 4201 nomen
520 4140 634 4193 mulieris
648 4141 761 4194 Graecae
771 4159 823 4193 esse
829 4140 920 4209 potuit.
985 4138 1156 4192 callisthenes
1168 4139 1233 4192 Ask.
1245 4138 1311 4204 quad

151 4211 270 4276 sortasse
291 4208 354 4261 latet
375 4210 401 4261 in
420 4209 585 4276 Calmethes,
604 4212 670 4264 sicut
687 4211 846 4278 Promptius
865 4230 897 4263 ex
916 4209 1056 4277 Propicius
1077 4221 1102 4262 et
1122 4209 1166 4261 hac
1185 4229 1216 4261 ex
1238 4209 1307 4260 Pro·

160 4279 267 4346 percius
280 4280 538 4347 corruptumaidetur
603 4281 688 4333 imum
700 4280 796 4335 lexisse
809 4281 831 4335 G
888 4287 944 4334 tres
957 4296 1013 4332 non
1024 4281 1129 4332 lexerat
1141 4285 1249 4331 tantum
1262 4278 1306 4330 ille

161 4349 289 4416 patresC
346 4356 403 4402 tres
415 4350 494 4402 simul
507 4351 590 4403 iratus
603 4351 703 4404 leserat
714 4352 758 4404 ille
771 4356 863 4420 patres
876 4353 942 4405 Ask.
1004 4366 1093 4419 poena
1105 4350 1195 4417 queC
1263 4348 1307 4399 ille

160 4419 334 4472 tulitCAsk.
405 4420 481 4474 malis
490 4422 560 4474 male
573 4422 621 4474 sed
634 4437 697 4475 curn
709 4428 826 4492 uterque
839 4424 918 4478 Gom.
929 4428 1026 4490 peccat
1096 4421 1166 4475 male
1179 4418 1309 4472 illemale

160 4490 205 4545 hic
217 4490 288 4544 male
299 4506 327 4561 p.
339 4506 367 4544 u.
380 4491 446 4546 Ask.
515 4493 568 4546 ista
579 4490 645 4547 facit
657 4493 754 4548 CAsk.

703 4577 764 4630 Ea
