3038 5010
563 413 890 475 PROLEGOMENA.
1260 410 1300 471 xli

152 577 203 635 ubi
218 574 357 634 ludorum
376 575 501 668 origines
519 574 714 634 Callimachus
735 592 865 633 narrasse
883 574 1007 633 creditur
1025 592 1043 632 a
1061 572 1250 649 Bemhardyo
1270 581 1299 630 et

154 656 341 727 Schneidero,
358 657 452 733 potuit
472 656 508 714 de
525 655 646 714 Nemeis
664 657 786 734 loquens
805 657 985 714 mentionem
1006 655 1112 713 inicere
1127 654 1299 712 Archemori

154 739 211 810 (lb.
235 736 323 815 483);
355 737 392 796 de
416 737 552 808 Isthmiis‚
576 736 648 796 Inus
672 747 701 795 et
726 737 892 796 Melicertae
914 735 970 813 (lb.
994 733 1084 814 497);
1114 735 1150 793 de
1171 734 1299 810 Argiuis

153 820 257 879 Glauci
273 819 436 878 Potniensis
450 815 506 894 (lb.
523 816 604 895 555),
618 818 785 877 Danaidum
797 817 892 896 (355),
907 817 1077 876 Psamathes
1091 816 1157 874 Lini
1171 815 1299 874 Coroebi

152 901 210 980 (lb.
234 913 302 975 573,
325 903 393 972 480,
416 897 497 976 575),
519 900 555 958 de
577 900 702 972 Troicis,
724 899 848 959 Patrocli
870 898 926 978 (Ib.
950 897 1030 976 375).
1074 897 1153 956 ΝοΙο
1175 898 1298 954 nimium

152 982 282 1040 insistere
296 981 440 1058 ambiguis
448 1000 455 1054 ;
478 999 533 1039 nec
546 998 614 1039 cum
626 980 805 1040 Schneidero
819 983 974 1052 ἀεροβατᾶν.
1008 978 1083 1039 Satis
1098 989 1195 1037 tamen
1211 979 1299 1036 etiam

154 1082 190 1121 ex
218 1062 306 1120 Anth.
333 1062 364 1120 P.
386 1063 432 1120 vii.
459 1081 494 1134 42
522 1062 679 1120 edocemur
703 1072 774 1138 quot
801 1061 918 1138 mythos
945 1061 1171 1137 mythorumque
1195 1076 1299 1118 causas

152 1144 243 1202 Aetiis
258 1145 315 1202 suis
330 1143 526 1202 Callimachus
540 1143 698 1202 intexuerit.

354 1230 417 1280 Τοῖα
436 1228 486 1299 γὰρ
507 1226 584 1295 ἄμμιν
603 1228 706 1298 ἕφηνας,
728 1227 744 1280 ὅ
764 1224 786 1278 τ’
807 1227 837 1280 οὐ
858 1228 939 1296 πάρος
959 1224 1044 1295 ἀνέρες
1064 1222 1146 1294 ἴδμεν,

396 1306 479 1378 ’Appi
499 1330 527 1362 τε
548 1307 694 1377 ἀθανάτους,
715 1307 784 1379 ἀμφί
803 1329 831 1359 τε
852 1305 977 1374 ἡμιθέους,

356 1387 423 1442 Εὖτέ
442 1411 485 1458 μιν
506 1390 533 1443 ἐκ
555 1385 650 1456 Λιβύης
670 1390 786 1458 ἀναείρας
806 1389 843 1445 εἷς
861 1387 985 1442 Ἑλικῶνα

388 1468 507 1543 Ἥγαγες
527 1471 554 1523 ἐν
573 1469 683 1539 μέσσαις
703 1471 855 1539 Πιερίδεσσι
868 1469 964 1541 φέρων,

356 1553 388 1604 Αι
409 1551 437 1604 δε
458 1554 483 1604 οἱ
503 1550 622 1654 εἰρομένῳ
642 1551 737 1623 ἀμφ”
722 1551 838 1623 ωγνγίων
857 1551 945 1619 ἡρώων

353 1629 471 1686 Acran
491 1634 531 1686 καὶ
550 1634 668 1701 μακάρων
688 1627 756 1704 sipon
776 1631 946 1701 αμειβόμεναι

195 1713 296 1770 Iam'
274 1731 297 1771 sr
312 1730 380 1770 cum
394 1710 478 1770 lbide
493 1710 626 1769 conferas
637 1712 744 1770 Tristia
759 1719 787 1770 et
800 1710 884 1787 Epist
873 1712 946 1769 tulas
958 1730 993 1769 ex
1008 1700 1113 1777 Ponto,
1125 1729 1299 1771 communes

154 1812 220 1852 curn
240 1793 296 1851 hac
316 1802 407 1851 certas
423 1791 594 1868 quasdam'
587 1793 717 1851 inuenies
739 1791 856 1862 fabulas,
874 1802 905 1850 ut
924 1793 960 1852 de
979 1792 1104 1869 Telephi
1124 1792 1207 1852 hasta
1224 1812 1299 1870 quae

152 1874 296 1933 Achillem
311 1874 415 1933 eadem
429 1872 591 1932 uulnerauit
605 1882 633 1932 et
648 1875 759 1932 sanauit
773 1872 828 1952 (Ib.
841 1888 907 1947 255,
920 1873 1027 1933 Trist.
1019 1894 1038 1931 r.
1054 1893 1078 1933 1.
1091 1894 1138 1949 99,
1149 1875 1176 1932 ii.
1192 1893 1237 1949 19,
1251 1894 1298 1945 2ο,

153 1954 237 2014 Pont.
257 1956 285 2014 ii.
308 1975 333 2014 2.
356 1956 416 2033 26),
438 1955 474 2013 62
496 1953 635 2025 Busiride,
655 1955 823 2031 Antiphate,
846 1954 1039 2026 Cassandre0‚
1057 1955 1140 2014 Alex.
1158 1955 1299 2026 Pherae0,

153 2037 312 2108 Phalaride,
337 2036 583 2107 Theromedonte‚
604 2036 703 2104 Atre0,
725 2037 870 2096 Diomede
889 2035 985 2117 (Pont.
1003 2037 1207 2109 iii.6.41-44,
1227 2037 1255 2095 ii.
1271 2057 1299 2112 9.

155 2137 263 2191 41-44,
282 2119 300 2176 i.
319 2137 344 2176 2.
362 2117 412 2196 53)
431 2118 467 2176 62
486 2116 637 2176 Encelado
659 2119 713 2177 sub
730 2118 826 2176 Aetna
847 2115 987 2195 sepulto*
1004 2116 1062 2195 (lb.
1079 2131 1146 2193 597,
1169 2119 1252 2177 Pont.
1271 2119 1298 2177 ii.

157 2219 202 2258 10.
220 2198 279 2277 24),
295 2199 331 2257 62
348 2199 474 2257 flammis
492 2199 522 2256 in
540 2216 590 2257 ara
603 2198 730 2258 Eteoclis
745 2208 775 2258 et
789 2198 933 2275 Polynicis
954 2218 1113 2276 numquam
1129 2200 1299 2259 coeuntibus

154 2279 209 2358 (Ib.
226 2296 273 2355 35,
289 2280 376 2339 Trist.
391 2301 418 2339 v.
435 2294 461 2353 5.
479 2276 536 2357 33),
558 2281 594 2339 de
609 2280 727 2340 Scirone
746 2280 844 2339 Sinide
859 2280 1058 2358 Polypemone
1077 2299 1151 2358 quos
1166 2280 1300 2340 Theseus

154 2363 289 2421 exstinxit
304 2359 400 2440 (Pont.
415 2362 451 2420 iv.
470 2380 515 2419 ιο.
532 2375 578 2436 79,
595 2365 642 2431 80,
657 2362 699 2419 Ib.
716 2359 883 2439 407-412).

195 2443 310 2500 Harum
325 2444 347 2501 si
361 2462 420 2502 una
435 2453 522 2514 certe,
534 2443 570 2501 de
582 2443 706 2502 flammis
716 2444 746 2501 in
758 2462 808 2501 ara
819 2443 935 2502 fratrum
947 2461 1107 2520 numquam
1118 2444 1298 2513 coeuntibus,

154 2543 190 2582 ex
205 2523 385 2583 Callimacho
404 2534 519 2599 sumpta
535 2533 587 2594 est,
602 2543 663 2583 non
682 2525 797 2583 aliunde
814 2525 902 2583 etiam
921 2536 1033 2584 ceterae
1051 2525 1116 2584 duci
1135 2534 1299 2601 potuerunt.

155 2605 287 2682 Suntque
307 2607 413 2682 pariter
430 2605 505 2664 Ibidi
520 2605 664 2664 Tristibus
685 2605 824 2682 Epistulis
845 2607 1014 2665 communia
1035 2624 1101 2666 cum
1121 2605 1299 2666 Callimacho

154 2704 228 2762 quae
250 2687 286 2744 de
307 2687 422 2745 candore
443 2705 497 2746 suo
516 2684 616 2766 (Trist.
636 2706 661 2745 v.
680 2707 707 2762 3.
728 2702 775 2762 53,
797 2687 881 2747 Pont.
903 2689 938 2746 iv,
957 2707 1001 2760 14.
1018 2707 1066 2762 43,
1087 2687 1131 2746 Ib.
1151 2685 1192 2764 8),
1213 2689 1301 2746 lz'uore

154 2768 337 2826 inimicorum
359 2769 441 2827 iterat
459 2766 581 2843 Ouidius
597 2767 693 2846 (Pont.
707 2769 744 2827 iii.
762 2789 789 2844 3.
807 2788 873 2839 101,
890 2769 925 2827 iv.
946 2772 990 2840 16,
1007 2766 1066 2847 47).
1109 2769 1188 2827 Nam
1206 2769 1300 2846 Apol-

152 2849 264 2907 lonium
275 2848 471 2908 Callimachus
485 2868 546 2907 non
561 2850 651 2908 semel
665 2859 814 2927 tamquam
829 2851 872 2908 sui
886 2851 1017 2909 inuidum
1032 2850 1132 2926 tetigit,
1143 2860 1175 2908 ut
1189 2849 1229 2908 H.
1241 2850 1298 2927 Ap.

158 2942 224 3003 107,
242 2930 298 3005 Ep.
315 2948 329 2986 2
335 2949 361 3005 3.
378 2950 395 3001 4
409 2931 439 2985 ‘0
454 2930 476 2986 δ’
492 2936 578 3001 ἤεισεν
593 2934 721 3004 κρέσσονα
739 2934 887 3002 βασκανίης,
904 2931 936 2989 fr.
954 2951 1009 3006 292
1024 2932 1145 3003 Ἐλλετε,
1160 2936 1299 3002 βασκανίης

154 3012 232 3068 ὀλοὸν
244 3013 324 3083 γένος.
367 3010 523 3070 Eodemne
536 3012 702 3071 reuocanda
715 3013 772 3070 sint
786 3023 829 3070 tot
843 3013 983 3089 supplicia
998 3021 1165 3088 repertorum
1179 3013 1299 3088 quaein

155 3092 301 3151 Ouidiana
316 3092 397 3151 Ibide
412 3110 630 3151 commemoran
633 3098 705 3165 tur‚†
720 3112 781 3152 non
800 3093 973 3151 affirmarim
1016 3094 1084 3152 Duo
1100 3103 1176 3151 certe
1193 3093 1299 3151 horum

154 3191 262 3266 genera
288 3173 345 3232 illic
370 3174 552 3250 proueniunt.
602 3172 647 3253 (r)
675 3175 793 3233 Artium
821 3184 988 3251 repertores.
1031 3174 1221 3233 Prometheus
1250 3174 1300 3249 qui

154 3257 253 3331 ignem
268 3255 378 3313 inuenit
391 3256 435 3314 Ib.
452 3274 519 3330 291,
540 3254 644 3314 Perdix
664 3257 713 3332 qui
733 3273 840 3314 serram
860 3258 928 3331 498,
944 3255 1107 3332 Thamyras
1124 3256 1174 3331 qui
1193 3256 1299 3314 modos

153 3335 260 3394 Dorios
288 3349 354 3410 272,
382 3336 534 3413 Amphion
563 3338 612 3413 qui
640 3337 750 3413 Lydios
776 3341 843 3433 583,
873 3337 1005 3413 Marsyas
1030 3337 1078 3413 qui
1106 3335 1247 3412 Phrygios
1271 3347 1301 3396 et

154 3417 325 3511 geminast
314 3419 399 3476 tibias
425 3433 492 3491 552,
521 3418 716 3496 Amphiaraus
743 3423 794 3495 qui
821 3419 973 3495 ignispicia
999 3432 1066 3493 354,
1095 3417 1221 3475 Tiresias
1250 3418 1299 3494 qui

155 3499 283 3574 auspicia
306 3500 405 3557 auium
431 3501 499 3573 263,
523 3499 644 3576 Lycaon
669 3501 718 3576 qui
743 3501 873 3560 inducias
898 3510 927 3558 et
948 3500 1033 3558 ludos
1055 3499 1208 3575 gymnicos
1230 3513 1298 3574 327,

154 3578 254 3637 Icarus
279 3581 328 3656 qui
351 3581 454 3638 uinum
478 3580 573 3640 facere
595 3584 663 3653 611,
688 3581 858 3640 Palamedes
883 3582 932 3657 qui
956 3582 1071 3651 litterae,
1093 3580 1213 3656 uigilias,
1236 3582 1300 3640 alea

84 3679 86 3682 ⁴
153 3660 252 3719 ludere
268 3663 335 3736 619,
350 3661 542 3721 Archilochus
556 3663 606 3739 qui
626 3663 757 3721 iambum
772 3677 839 3737 525,
856 3661 984 3722 Glaucus
1001 3662 1050 3739 qui
1069 3660 1188 3719 herbam
1207 3663 1300 3718 ἀθανα-

155 3744 214 3800 σίας
240 3745 307 3815 556,
333 3742 469 3819 Orpheus
497 3744 546 3818 qui
574 3744 682 3802 inlicito
711 3761 811 3802 amore
838 3745 880 3803 uti
905 3745 974 3802 600.
1016 3741 1061 3823 (2)
1087 3742 1299 3818 Supplz'czbrum.

156 3821 295 3882 Thrasius
326 3826 407 3882 sacri
437 3831 585 3883 mostralor
618 3827 713 3901 r'm'qui
746 3838 814 3901 397,
850 3825 968 3884 Perillus
992 3832 1031 3900 ,et
1063 3822 1190 3882 Phalaris
1219 3838 1300 3899 437-

186 4021 201 4055 *
217 4018 309 4067 Gallim.
321 4021 349 4067 fr.
361 4021 409 4081 382
420 4019 559 4084 Τριγλὼχιν
571 4017 636 4081 ὀλοῷ
648 4020 722 4080 νῆσος
735 4017 769 4067 ἐπ’
781 4017 928 4082 ’.Εγκελάδῳ

187 4084 206 4141 ·Ι·
223 4085 290 4144 Quae
301 4096 408 4133 secuntur
418 4102 502 4148 sumpsi
514 4103 543 4133 ex
555 4086 613 4134 Plin.
625 4088 656 4134 H.
665 4087 694 4134 N.
706 4088 745 4134 vii.
759 4099 802 4149 191
817 4102 865 4148 sqq.
899 4086 941 4134 Sed
954 4086 1088 4163 scripserunt
1099 4083 1184 4149 arpi
1162 4085 1300 4149 ευρημάτων

155 4150 281 4209 conplures,
293 4165 349 4210 quos
361 4160 463 4199 recenset
474 4161 526 4211 post
544 4153 673 4199 Bentleium
686 4152 846 4212 (Dissertation
859 4167 920 4212 upon
932 4151 1057 4199 Phalaris‘'
1043 4166 1066 4199 n.
1080 4167 1102 4211 p.
1116 4150 1162 4199 126
1174 4153 1209 4201 26.
1222 4154 1299 4216 Dyce)

154 4215 178 4261 in
190 4215 266 4262 libello
274 4217 309 4261 De
320 4217 410 4264 Rerum
419 4219 571 4265 quentarum
579 4217 731 4277 Scriptoribus
742 4218 837 4264 Graecis
846 4217 1022 4277 Christophorus
1034 4217 1166 4270 Brusskem,
1174 4219 1300 4266 Simonides

155 4280 224 4336 Ceus,
244 4280 348 4341 Ephorus
366 4283 491 4338 Cumanus,
509 4283 650 4338 Aristoteles,
670 4282 801 4330 Heraclides
818 4283 933 4340 Ponticus,
917 4281 1132 4342 MTheophrastns
1151 4283 1299 4330 Philochorus

156 4345 308 4400 Atheniensis,
317 4347 393 4395 Strato
402 4349 577 4407 Lampsacenus
585 4349 667 4394 Scamo
679 4348 841 4409 Mitylenaeus,
851 4318 1000 4407 Antiphanes,
1011 4348 1046 4394 C
1031 4348 1127 4408 ydippus
1140 4348 1299 4403 Mantinensis,

154 4411 293 4458 Aristodemi
310 4413 364 4467 duo,
382 4413 489 4460 Clemens
506 4413 686 4468 Alexandrinus;
708 4415 789 4474 quibus
805 4413 863 4459 adde
877 4413 997 4476 Hyginum
1013 4413 1068 4461 sab.
1083 4420 1130 4473 274
1146 4420 1170 4459 et
1189 4419 1243 4474 277,
1259 4413 1298 4473 qui

154 4490 184 4522 ex
195 4475 222 4523 iis
234 4491 291 4537 quos
302 4477 399 4524 Ouidius
409 4480 548 4526 memorauit
559 4493 630 4525 unum
642 4479 758 4525 Perdicem
770 4480 883 4527 nominat.
