3038 5010
183 386 239 441 184
643 381 870 443 EXCVRSVS.

180 539 372 595 celebritatem
392 538 490 592 mortis
515 537 574 593 iure
599 537 670 593 inter
695 556 744 594 eos
768 539 962 594 accensendus
983 537 1065 592 fuerit
1086 537 1133 608 qui
1156 555 1186 592 se
1209 536 1238 590 in
1259 552 1330 606 pyra

180 611 404 678 combusserunt,
417 610 492 664 facta
504 619 547 664 est
560 609 636 664 enirn
649 627 693 664 res
708 610 857 680 Olympiae
873 610 901 663 in
919 609 1042 664 maximo
1060 618 1201 663 conuentu
1218 616 1330 676 specta-

180 689 272 735 torum
303 680 411 750 (Pereg.
431 680 475 732 xxi
500 680 528 733 ἐν
547 676 676 748 Ὀλυμπίᾳ
699 683 745 744 τῆς
765 679 929 750 πανηγύρεως
948 679 1100 746 πληθούσης
1120 681 1199 747 μόνον
1219 679 1266 731 οόκ
1287 677 1331 730 ἐπι

179 754 275 818 σκηνῆς
287 749 395 818 ὀπτήσει
408 749 518 818 ἑαυτὸν),
531 767 623 820 neque
637 750 665 804 in
678 750 840 805 uniuersum
854 749 1056 805 inconueniens
1070 749 1105 804 sit
1119 747 1214 803 uerbis
1227 753 1330 817 poetae

180 821 271 881 oritus
291 820 434 890 Peregrini
453 821 543 890 qualis
561 838 579 875 a
599 820 723 875 Luciano
744 831 881 890 narratur,
900 821 933 875 cf.
954 820 1108 890 cupidine
1130 818 1245 873 mortis
1264 834 1330 872 cum

182 894 250 945 Luc.
265 891 309 944 xxi
328 892 408 962 ἐχρῆν
426 891 460 960 μὴ
476 889 639 959 δραπετεύειν
653 892 681 944 ἐκ
699 895 746 944 τοῦ
764 893 832 958 βίου,
850 891 923 945 xxxii
942 890 1091 945 θανατιῶντι
1109 891 1238 960 σοφιστῇ,
1256 905 1331 943 suc·

181 978 302 1017 censae
332 979 432 1031 pyrae
460 977 524 1015 curn
552 961 616 1015 xxix
641 965 693 1031 πῦρ
718 960 871 1028 ἀνακαύσας,
898 980 970 1015 xxxv
994 962 1224 1029 καταλαμβάνομεν
1246 954 1332 1028 πυράν

180 1030 336 1100 νενησμένην
355 1032 384 1086 ἐν
403 1031 479 1094 βάθει
500 1031 565 1086 ὅσον
585 1032 613 1086 ἐς
633 1031 738 1103 ὀργυιὰν
759 1036 789 1086 τδ
810 1033 900 1096 βάθος.
936 1031 1018 1102 Δᾲδες
1038 1029 1106 1098 ἦσαν
1125 1031 1158 1084 τὰ
1178 1029 1267 1085 πολλὰ
1289 1029 1332 1082 καὶ

179 1102 363 1170 παρεβέβυστο
381 1107 432 1156 τῶν
449 1103 597 1172 φρυγάνων,
615 1102 649 1157 ὣς
667 1102 792 1171 ἀναφθείη
810 1103 1015 1172 τάχιστα-1101]
1034 1119 1069 1156 ea
1087 1111 1183 1156 tamen
1202 1109 1245 1154 est
1263 1115 1331 1152 con-

180 1171 311 1228 formatio
336 1190 468 1227 uersuum
493 1189 578 1242 quam
602 1190 669 1228 uere
694 1172 759 1227 huic
783 1174 954 1242 respondere
979 1189 1105 1228 censeas
1151 1169 1227 1240 Quid
1254 1168 1331 1224 enirn

182 1243 313 1298 serunt?
350 1246 428 1297 Num
445 1243 481 1297 de
496 1261 531 1297 eo
546 1242 698 1298 dicendum
715 1252 774 1298 erat
791 1244 870 1298 cuius
887 1261 964 1298 mors
975 1253 1035 1298 erat
1049 1241 1220 1297 notissima?
1236 1257 1332 1294 nonne

181 1314 218 1368 de
231 1331 265 1369 eo
278 1313 371 1384 potius
385 1313 432 1383 qui
449 1314 544 1368 multis
557 1324 623 1368 ante
639 1314 758 1368 saeculis
773 1314 888 1382 uixerat,
901 1325 932 1368 ut
949 1314 1057 1369 incerta
1072 1322 1183 1368 tantum
1200 1311 1277 1365 fama
1293 1309 1331 1364 ad

181 1394 310 1455 posteros
323 1382 503 1454 peruenerit?
535 1387 636 1454 Neque
649 1384 677 1438 in
692 1385 842 1454 Peregrino
855 1395 965 1440 tanturn
977 1383 1065 1439 ualuit
1078 1384 1115 1439 ad
1128 1381 1332 1437 cremationem

182 1455 281 1509 mortis
306 1455 409 1525 cupido
434 1471 519 1524 quam
544 1454 678 1510 iactantia
702 1464 731 1509 et
757 1455 863 1524 gloriae
888 1473 974 1510 amor.
1025 1454 1144 1523 Saepius
1168 1453 1224 1506 hoc
1248 1451 1332 1506 iterat

184 1525 334 1593 Lucianus,
353 1525 399 1579 xiv
418 1524 513 1591 δέξαιτ’
532 1525 563 1578 δν
580 1525 726 1591 ἀποθανεῖν,
744 1525 778 1580 ὡς
795 1526 875 1594 δόξαν
891 1526 934 1580 ἐπὶ
951 1523 1034 1598 τούτῳ
1051 1525 1186 1586 ἀπολίποι,
1204 1541 1239 1576 xx
1256 1521 1333 1575 οὐδέν

181 1596 220 1648 ἔτι
237 1598 395 1666 καινουργεῖν
407 1593 512 1648 ἐδύνατο
525 1596 569 1665 ἐφ’
583 1595 634 1669 ότιρ
651 1594 773 1664 ἐκπλήξει
788 1595 848 1651 τοὺς
863 1596 1064 1667 ἐντυγχάνοντας
1080 1594 1122 1648 καὶ
1138 1591 1276 1662 θαυμάζειν
1290 1593 1333 1646 καλ

181 1666 246 1736 πρὸς
257 1666 334 1719 αὐτόν
345 1665 504 1730 ἀποβλέπειν
514 1665 625 1735 ποιησει,
637 1664 715 1734 οὗπερ
727 1666 757 1734 ἐξ
768 1665 850 1736 ἀρχῆς
861 1665 952 1735 δριμύν
961 1687 1016 1720 τινα
1029 1666 1110 1735 ἔρωτα
1122 1665 1187 1734 ἐρῶν
1198 1662 1333 1733 ἐτύγχανε,

141 1754 145 1761 ·
182 1755 235 1790 xxx
247 1734 322 1789 Ἀλλ’
332 1736 427 1790 όπότῖιν
439 1738 546 1791 Κυνικὸς
557 1738 725 1804 πολυώνυμος
737 1737 764 1792 ἐς
774 1739 865 1807 φλόγα
876 1736 979 1803 πολλὴν
991 1735 1100 1804 Πηδίηση
1113 1734 1190 1803 δόξης
1202 1731 1244 1788 ὑπ’
1252 1732 1335 1802 ἐρινύῖ

182 1807 264 1875 θυμὸν
279 1806 396 1877 ὀρινθείς,
414 1806 495 1861 xxxiv
513 1805 579 1861 οὕτω
594 1805 727 1877 δυσέρωτα
745 1809 791 1874 τῆς
807 1807 884 1876 δόξης
900 1807 1044 1876 ι’ίνθρωπον,
1062 1805 1098 1860 ib.
1118 1805 1270 1929 ἐνεφορεῖτο
1287 1805 1335 1871 της

182 1877 267 1944 δόξης,
280 1876 381 1930 xxxviii
393 1879 424 1930 τό
436 1877 580 1946 φιλόδοξον
596 1873 652 1930 οἶόν
667 1878 693 1930 τί
704 1877 777 1931 ἐστιν
789 1877 1009 1959 ἀναλογιζόμενος.
1047 1878 1084 1931 Et
1098 1892 1153 1946 quo
1187 1874 1333 1937 estmulto

182 1948 382 2017 grauissimum
396 1949 513 2002 Proteus
526 1965 639 2016 semper
651 1957 768 2002 uocatur
780 1965 797 2002 a
811 1950 944 2016 Luciam,
957 1949 991 2002 ὣς
1002 1947 1078 2002 οὗτὸς
1089 1947 1192 2016 ἔχωμεν
1203 1945 1335 2012 ὀνομάζων

183 2020 273 2073 ἑαυτὸν
290 2018 420 2087 Πρωτεύς,
439 2019 501 2072 αὐτὸ
520 2018 550 2087 δὴ
569 2019 650 2071 ἐκεῖνο
668 2020 697 2073 τό
715 2022 761 2072 τοῦ
777 2017 915 2089 Ὁμηρικοῦ
933 2017 1059 2088 Πρωτέως
1077 2018 1178 2084 ἔπαθεν,
1196 2015 1226 2070 iii
1244 2014 1272 2070 ἐς
1287 2016 1334 2069 τόν

183 2090 300 2159 Πρωτέα,
326 2089 353 2143 ἰν
371 2088 479 2156 Πρωτέα
497 2089 542 2142 τόν
561 2088 589 2141 ἐν
606 2090 684 2158 Συρίᾳ
702 2088 814 2155 δεθέντα,
831 2108 851 2143 v
870 2089 917 2143 ούκ
935 2090 971 2143 είς
987 2089 1086 2157 μακράν
1103 2086 1193 2140 καύσει
1212 2087 1334 2140 ἐαυτδνό

182 2160 312 2229 Πρωτεὺς,
331 2160 366 2213 cf.
383 2159 419 2227 vi,
438 2158 484 2226 xii,
502 2177 546 2227 xv,
565 2159 638 2228 xxiii,
657 2158 739 2228 xxvii,
758 2159 850 2228 xxviii,
869 2159 939 2226 xxix,
959 2177 1020 2227 xxx,
1037 2156 1119 2226 xxxii,
1136 2156 1226 2224 xxxvi,
1242 2154 1333 2223 xxxix,

184 2231 220 2297 xl,
232 2229 288 2298 xlii,
302 2239 330 2284 et
347 2229 388 2283 sic
403 2246 447 2298 ap.
462 2229 603 2283 Ammian.
617 2229 688 2283 xxix.
706 2245 727 2298 1,
746 2230 860 2284 Philost.
875 2229 931 2284 vit.
946 2231 1034 2299 Soph.
1047 2228 1074 2283 ii.
1092 2242 1131 2295 13,
1145 2228 1216 2282 Gell.
1229 2226 1276 2281 xii.
1292 2241 1334 2280 11.

185 2302 292 2354 Contra
313 2300 426 2354 codices
450 2299 539 2353 Ibidis
561 2299 659 2368 optimi
681 2301 806 2355 Brdtean
827 2299 968 2368 exhibent,
990 2316 1043 2354 nec
1065 2297 1203 2353 breuitate
1224 2296 1334 2366 primae

183 2371 309 2438 syllabae
328 2387 381 2424 nec
397 2369 550 2424 accusatiui
567 2371 658 2424 forma
674 2380 875 2439 congruentem
888 2387 953 2425 cum
965 2372 1081 2435 Prolem
1099 2386 1152 2423 nec
1167 2367 1251 2422 uideo
1265 2384 1334 2437 quo·

184 2441 270 2494 modo
284 2458 318 2495 ex
331 2440 480 2510 prothetam
498 2440 574 2509 quod
591 2441 676 2495 habet
693 2442 783 2496 codex
799 2440 1010 2496 recentissimus
1027 2441 1084 2494 Pal.
1102 2452 1169 2508 1709
1182 2437 1334 2508 quicquam

185 2510 223 2564 sis
237 2520 394 2565 extorturus
407 2510 483 2579 quod
497 2510 586 2564 Ibidis
598 2528 697 2565 uersus
709 2511 798 2580 possit
811 2511 944 2582 recipere.

221 2584 298 2636 Nam
317 2580 340 2634 si
360 2597 464 2634 nomen
482 2598 533 2649 per
549 2598 580 2635 se
597 2591 709 2650 spectes
725 2599 818 2651 neque
831 2583 868 2636 ad
882 2584 1015 2636 Proteum
1026 2598 1119 2651 neque
1132 2581 1169 2635 ad
1182 2579 1335 2633 Biotheam

185 2652 363 2707 referendum
376 2659 443 2705 erat.
482 2651 576 2706 Sensit
590 2650 619 2705 id
633 2652 796 2706 Gerhardus
810 2652 838 2705 in
853 2654 928 2706 Mus.
942 2653 1032 2706 Rhen.
1048 2654 1075 2704 N
1078 2668 1124 2705 ou.
1134 2650 1191 2705 viii.
1205 2663 1335 2718 130-133‚

185 2723 233 2777 ubi
251 2723 328 2775 locos
345 2722 425 2775 affert
442 2731 569 2776 ueterum
582 2721 683 2791 quibus
698 2724 816 2777 Broteas
829 2723 1003 2778 mentionem
1016 2723 1112 2777 habet.
1150 2723 1221 2776 Sunt
1238 2729 1335 2774 autem

186 2791 310 2862 (praeter
320 2791 403 2846 Ouid.
416 2794 456 2846 M.
468 2811 494 2846 v.
507 2805 564 2859 107,
574 2792 622 2847 ubi
636 2791 708 2847 inter
719 2794 868 2862 Cephenas
882 2794 1001 2848 Broteas
1014 2802 1066 2860 est,
1079 2791 1125 2846 xii.
1136 2792 1189 2845 260
1200 2790 1248 2845 ubi
1262 2789 1337 2845 inter

186 2862 333 2933 Lapithas)
346 2862 393 2916 hi:
417 2864 501 2916 Paus.
520 2862 549 2917 ii.
561 2877 604 2916 22.
618 2877 642 2930 3,
661 2863 709 2917 ubi
729 2865 881 2918 Tantalum
899 2865 942 2917 τὸν
955 2861 1073 2917 θυέστου
1091 2863 1171 2917 παῖδα
1188 2860 1203 2930 ἢ
1223 2860 1337 2930 Βροτέου

186 2933 342 2988 Pausanias
364 2931 510 3002 distinguit
532 2934 568 2987 ab
591 2933 647 2987 alio
670 2933 746 2987 Iouis
768 2943 796 2988 et
820 2934 917 2988 Plutus
939 2933 1016 2998 filio;
1043 2932 1080 2988 iii.
1103 2947 1147 2986 22.
1169 2946 1187 2998 4
1212 2932 1336 2999 Μάγνησι

186 3004 215 3072 (a
236 3002 345 3073 Sipylo)
368 3006 472 3072 Μητρός
493 3003 551 3058 ἐστι
575 3005 640 3056 θεῶν
661 3003 831 3074 ἀρχαιότατον
852 3005 969 3059 ἁπάντων
989 3004 1102 3074 ι’ίγαλμα·
1132 3005 1240 3069 ποιησαι
1261 3001 1290 3055 δέ
1312 3001 1339 3054 oi

187 3073 320 3145 Μάγνητες
335 3073 397 3126 αὐτὸ
414 3073 526 3142 Βροτέαν
541 3074 651 3144 λέγουσι
667 3076 711 3127 τόν
723 3072 863 3128 Ταντάλου.
898 3074 944 3128 Ad
958 3073 1080 3128 eandem
1093 3073 1205 3128 Tantali
1219 3071 1337 3141 stirpem

187 3146 306 3199 Broteas
319 3143 437 3198 refertur
449 3143 477 3197 in
492 3144 588 3198 Schol.
597 3147 663 3199 Eur.
676 3146 767 3199 Orest.
781 3156 804 3213 5,
819 3144 961 3199 Mantissa
974 3144 1107 3199 Prouerb.
1117 3142 1145 3198 ii.
1155 3158 1190 3213 94
1204 3143 1338 3210 Leutsch,

184 3215 276 3270 Tzetz.
290 3217 377 3282 Exeg.
393 3215 424 3268 ll.
439 3231 467 3284 p.
480 3215 515 3268 68
533 3216 690 3283 Hermann,
707 3216 757 3270 sed
776 3225 806 3269 ut
819 3214 932 3269 Tantali
952 3214 1033 3282 filius,
1051 3231 1109 3268 non
1128 3222 1209 3283 pater
1227 3211 1338 3267 dicatur

186 3286 329 3349 (Ταντάλου
347 3286 388 3337 καί
406 3283 592 3353 Εὐρυανάσσης
610 3286 709 3354 Πελοψ
728 3285 839 3352 Βροτέας
858 3285 964 3352 Νιόβη).
1002 3287 1064 3338 Iam
1077 3302 1142 3339 cum
1157 3284 1185 3337 in
1200 3285 1283 3338 Paus.
1297 3281 1337 3338 iii.

186 3371 220 3410 22
233 3366 262 3411 et
275 3359 364 3409 Tzetz.
379 3357 468 3424 Exeg.
482 3355 515 3409 ΙΙ.
527 3372 556 3424 p.
565 3356 599 3409 68
613 3356 739 3425 Βροντέας
751 3373 802 3425 pro
815 3373 842 3410 u.
852 3357 870 3410 l.
883 3355 1051 3422 inueniatur,
1065 3355 1237 3422 Gerhardus,
1250 3354 1338 3408 allato

187 3425 318 3481 Merkelii
335 3425 452 3479 'Scholio
469 3443 498 3495 p.
510 3438 559 3492 471
581 3426 705 3480 Brothea
715 3428 801 3497 filius
818 3427 898 3480 Iouis
914 3431 1074 3481 excaecatus
1090 3431 1131 3479 est
1147 3443 1166 3477 a
1184 3426 1252 3478 Ioue
1267 3425 1338 3493 quia

185 3498 373 3567 nequissimus
383 3501 453 3564 erat,
465 3501 493 3550 et
504 3497 565 3550 ideo
572 3498 694 3566 proiecit
704 3515 733 3550 se
743 3498 775 3550 z'n
785 3501 888 3566 pyram
900 3497 1043 3550 ardentem
1056 3496 1119 3550 odio
1130 3494 1232 3549 habens
1244 3496 1338 3548 uriam

186 3585 277 3636 suam,
299 3573 333 3620 ut
353 3568 397 3621 ait
416 3568 528 3620 Darius
549 3567 669 3622 coniecit
691 3567 833 3636 possead
858 3568 912 3621 hoc
936 3583 1041 3620 nomen
1063 3566 1189 3636 Βροντέου
1209 3563 1338 3619 reuocari

186 3638 311 3692 fabulam
330 3636 407 3691 illam
426 3653 482 3706 qua
500 3637 560 3707 ipse
580 3655 611 3692 se
631 3640 749 3692 Broteas
768 3636 826 3706 igni
845 3636 1033 3706 absumpserit
1051 3637 1153 3691 eodem
1174 3636 1261 3689 modo
1280 3650 1338 3704 quo

186 3708 310 3762 tonitrua
335 3707 363 3760 in
385 3724 448 3761 sese
470 3707 576 3762 reuolui
599 3725 632 3762 ac
656 3708 795 3763 resorberi
817 3707 972 3762 uideantur.
1018 3707 1102 3776 Quod
1124 3705 1254 3776 quamuis
1275 3704 1339 3775 ipse

186 3777 323 3845 reiecerit,
340 3794 409 3831 uero
427 3776 545 3832 similius
566 3778 661 3833 iudico
683 3778 717 3832 iis
736 3796 809 3848 quae
830 3788 894 3848 post
915 3777 1073 3845 subnexuit,
1091 3794 1144 3831 nec
1166 3791 1339 3847 quemquam

186 3848 257 3916 fugit
270 3857 392 3917 quantae
405 3857 499 3917 partes
511 3847 540 3901 in
553 3849 727 3918 mythologia
740 3849 795 3903 sint
809 3849 879 3904 caeli
892 3865 926 3902 ac
938 3847 1081 3903 similium.

223 3919 319 3971 Vnum
331 3927 427 3972 tamen
443 3918 536 3971 locum
551 3920 714 3974 Gerhardus
727 3919 915 3989 praetermisit
927 3919 974 3988 qui
991 3919 1014 3973 si
1031 3918 1124 3972 minus
1137 3916 1174 3971 ad
1187 3915 1339 3985 expedien-

188 3988 256 4042 dam
267 4004 336 4055 rem,
350 3987 386 4041 ad
400 3986 577 4043 Scholiorum
592 3999 668 4044 certe
681 3989 896 4060 explicationem
913 3999 956 4044 est
972 3988 1096 4043 maximi.
1133 3989 1211 4042 Nam
1224 3989 1338 4041 Tzetzes

188 4059 226 4113 ad
249 4059 316 4126 Lyc.
338 4073 383 4110 111
407 4059 478 4112 haec
499 4059 586 4114 habet
608 4057 702 4128 Ἀθηνᾷ
723 4062 772 4115 τινὶ
793 4060 922 4127 Βασιλίδι,
943 4060 976 4127 τῇ
997 4059 1038 4112 καὶ
1060 4058 1182 4125 Βελονίκη
1202 4059 1340 4127 λεγομένη,

187 4128 296 4199 θυγατρὶ
315 4127 343 4180 δέ
360 4127 485 4198 Βροντέου
503 4128 665 4199 ὑπαρχούσῃ,
676 4129 828 4200 Ἥφαιστος
845 4129 918 4201 γάμω
936 4131 1019 4200 μιγεὶς
1035 4133 1110 4199 γεννᾷ
1124 4126 1293 4197 Ἐριχθόνιον,
1312 4127 1341 4182 δς

187 4200 363 4264 ἐβασίλευσεν
380 4200 425 4266 τῆς
442 4196 566 4266 Ἀττικῆς.
602 4203 692 4256 Recte
710 4201 794 4270 igitur
812 4202 848 4257 ab
869 4183 1046 4269 Hieronymo
1065 4198 1093 4252 in
1113 4198 1218 4252 Euseb.
1233 4198 1338 4252 Chron.

186 4287 214 4341 p.
232 4286 263 4339 31
289 4270 401 4324 Schbne
426 4268 627 4325 Erichthonius
645 4271 765 4326 Vulcani
787 4282 815 4327 et
837 4271 985 4326 Mineruae
1010 4270 1082 4324 filius
1103 4268 1221 4323 dicitur:
1253 4284 1339 4337 quem

188 4351 302 4396 secutus
316 4339 475 4395 Scholiasta
487 4341 550 4395 cod.
564 4343 632 4410 Reg.
648 4342 714 4396 2061
730 4342 809 4397 addit
823 4343 976 4397 Brotheam
989 4342 1034 4395 uel
1048 4342 1202 4394 Brotheum
1215 4337 1341 4393 eundem

187 4412 275 4466 fuisse
299 4420 384 4482 atque
408 4412 483 4465 hunc
503 4410 728 4481 Erichthonium,
747 4413 866 4466 Vulcani
888 4422 916 4467 et
941 4411 1088 4466 Mineruae
1113 4409 1209 4464 filium.
1254 4409 1339 4478 Quod

188 4493 219 4536 ut
238 4500 295 4536 non
314 4485 426 4537 Tzetzes
444 4481 600 4551 tradiderit,
619 4483 656 4538 ad
674 4485 749 4538 hunc
767 4494 863 4539 tamen
882 4481 973 4538 redire
993 4480 1120 4536 scholion
1140 4479 1258 4534 uidetur.
