3038 5010
588 398 933 460 COMMENTARIVS.
1279 413 1334 469 113

190 554 296 608 Vultur
315 573 333 608 a
354 554 453 609 uolatu
474 555 556 608 tarde
576 555 739 608 nominatus
754 558 887 624 putatur.
1024 560 1083 612 171.
1108 562 1182 615 lieet
1207 563 1266 615 huo
1291 567 1337 618 sis

184 629 277 679 laude
302 630 456 690 superbus
479 625 665 695 permittentis
689 626 808 694 (Domit.
832 625 1017 694 Calderinus).
1061 628 1182 697 εἰρωνεία.
1228 632 1336 687 Licebit

185 695 235 749 tibi
254 697 308 749 hoc
327 698 427 750 saltem
449 706 477 750 te
499 696 612 764 iactare,
632 696 707 766 quod
729 697 765 750 de
786 705 834 750 tuo
854 713 970 765 corpore
992 698 1048 767 lupi
1072 700 1223 755 decertent.
1271 705 1336 757 Hoc

185 767 313 821 acerbius
332 784 418 836 quam
436 784 501 820 cum
521 767 652 835 Saluagn.
666 766 842 836 interpretari
856 767 1000 836 ‘quamuis
1019 769 1145 836 glorieris
1165 772 1245 841 quasi
1264 773 1335 827 tanti

184 835 223 890 sis
249 846 279 891 ut
303 838 348 891 uel
374 847 422 891 tua
444 854 529 891 causa
551 837 674 891 rixentur
696 837 872 892 animantes.'
918 839 964 890 An
983 838 1118 893 αἰνίττεται
1140 841 1187 895 hic
1207 843 1335 913 Ouidius,

186 908 328 975 Luporum
350 908 472 977 aliquem
492 907 667 976 respiciens?
813 910 878 963 172.
903 912 1144 965 Insatiabilibus
1167 913 1237 978 ἅπαξ
1260 916 1336 983 λεγό-

183 999 259 1045 μενον
278 979 353 1047 apud
373 977 516 1032 Ouidium.
586 982 681 1045 lupis,
695 977 756 1032 Cat.
769 977 841 1032 cviii.
856 979 907 1046 3-6
923 981 990 1033 Nun
1008 982 1134 1049 equidem
1151 983 1247 1036 dubito
1265 986 1337 1053 quin
1415 1019 1420 1027 .

178 1049 310 1117 primum
323 1050 439 1102 im'mica
452 1049 585 1102 banorum
595 1050 711 1118 Lingua
723 1055 830 1102 exsecta
842 1050 928 1102 uuida
939 1052 978 1104 sit
988 1052 1057 1104 data
1066 1054 1203 1121 uulturio,
1213 1055 1337 1123 Esussos

185 1121 277 1172 oculas
294 1125 375 1173 ucret
395 1126 458 1173 utra
474 1125 595 1190 gutture
615 1136 725 1187 comeus,
746 1120 887 1173 Intestina
908 1137 995 1188 canes,
1013 1127 1103 1175 cetera
1124 1124 1246 1177 membra
1264 1127 1335 1195 lupi.

184 1192 246 1243 173.
275 1193 393 1255 Elysiis
417 1195 537 1255 eampis
555 1191 639 1258 Verg.
654 1191 688 1244 G.
702 1189 719 1243 i.
734 1192 775 1257 38.
828 1192 964 1258 diuersa,
984 1190 1012 1244 in
1034 1193 1204 1246 contrariam
1225 1207 1335 1264 partem

184 1275 273 1313 uersa.
312 1263 345 1314 B.
364 1261 423 1314 Αἶα.
442 1262 476 1314 68
501 1262 635 1332 oppidum
657 1279 676 1312 a
699 1261 816 1313 Caesare
838 1262 983 1314 diuersum
1008 1279 1042 1316 ac
1064 1268 1207 1318 remotum.
1259 1266 1335 1321 Salu.

184 1329 252 1384 citat
271 1332 383 1385 Sallust.
398 1332 458 1385 Cat.
475 1344 505 1399 52
529 1332 664 1385 diuerso
684 1330 802 1385 itinere
822 1333 910 1384 malos
928 1350 946 1384 a
964 1333 1042 1384 bonis
1059 1333 1119 1386 loca
1137 1339 1208 1387 tetra
1226 1336 1336 1390 inculta

175 1400 264 1469 sceda
276 1408 360 1470 atque
369 1401 558 1470 formidolosa
570 1401 674 1454 babere.
712 1404 783 1456 Aen.
796 1401 831 1455 vi.
848 1414 894 1470 541
916 1403 1048 1470 Dextera,
1062 1421 1133 1473 quae
1145 1405 1225 1458 Ditis
1237 1409 1339 1477 magui

183 1471 234 1523 sub
252 1475 361 1525 moenia
379 1473 475 1540 tendit,
494 1474 561 1526 Huc
577 1474 634 1525 iter
644 1472 776 1542 Elysium
795 1473 891 1526 nubis:
909 1478 941 1526 at
956 1474 1038 1526 laeua
1057 1475 1197 1528 rualorum
1215 1477 1337 1531 Exercet

179 1544 287 1611 poenus
297 1549 325 1595 et
336 1544 377 1596 ad
384 1547 475 1613 impia
491 1545 519 1597 Τ
515 1550 616 1596 artare
628 1544 723 1596 mittit.
807 1547 869 1598 175.
891 1543 1055 1597 Simillimus
1068 1554 1110 1597 est
1124 1545 1202 1598 locus
1215 1546 1335 1600 Axiochi

184 1611 366 1683 372”Αγονται
379 1615 444 1681 πρὸς
452 1613 574 1684 Ἐρινύων
585 1610 625 1666 ε’π’
635 1615 725 1682 ἔρεβος
737 1613 777 1665 καὶ
790 1613 853 1681 χάος
863 1613 905 1666 διὰ
914 1614 1054 1682 Ταρτάρου,
1065 1615 1124 1667 ἔνθα
1138 1621 1222 1684 χῶρος
1233 1616 1337 1681 ἀσεβῶν

184 1684 224 1734 καὶ
238 1681 395 1738 Δαναΐδων
408 1684 525 1754 ὑδρεῖαι
538 1684 658 1737 ἀτελεῖς
671 1683 711 1735 καὶ
723 1685 878 1736 Ταντάλου
892 1683 985 1750 δίψος
997 1685 1037 1736 καὶ
1049 1689 1157 1737 Τιτυοῦ
1172 1687 1336 1757 σπλάγχνα

184 1754 224 1805 καὶ
238 1754 380 1824 Σισύφου
392 1755 502 1824 πέτρος
518 1753 668 1821 ἀνήνυτος,
682 1752 711 1806 οὗ
724 1756 756 1806 τὰ
768 1754 880 1822 τέρματα
898 1750 971 1808 abbis
984 1753 1088 1823 άρχεται
1100 1758 1192 1821 πόνων,
1206 1767 1234 1810 et
1247 1756 1335 1826 ipsius

185 1824 253 1877 Met.
269 1824 302 1878 iv.
317 1825 447 1894 455—462.
520 1823 582 1880 175.
601 1827 795 1889 uoluensque
806 1830 977 1889 petensque
990 1841 1099 1878 sursum
1113 1843 1215 1895 urgens
1229 1837 1256 1880 et
1269 1846 1335 1882 mox

183 1911 355 1964 persequens
369 1896 532 1950 deuolutum
547 1897 585 1949 M.
601 1894 634 1948 iv.
649 1907 702 1963 459
714 1894 741 1947 A
746 1900 779 1947 ut
791 1897 867 1964 petis
879 1901 931 1948 aret
943 1912 1026 1976 urges
1038 1898 1193 1965 ruiturum,
1208 1898 1335 1968 Sisyphe,

183 1982 292 2033 sarum,
303 1967 356 2020 Od.
367 1966 402 2020 xi.
415 1967 544 2034 593-600.
607 1969 671 2020 176.
690 1969 813 2030 Quique
826 1969 931 2030 agitur
942 1967 1029 2020 lxron.
1040 1968 1081 2020 M.
1090 1966 1124 2020 iv.
1135 1967 1189 2033 460
1204 1969 1338 2022 Voluitur
1353 2010 1356 2016 .

183 2035 268 2088 Im‘on
280 2042 307 2090 et
317 2055 345 2090 se
356 2039 537 2106 sequiturque
539 2037 682 2106 fugitque.
755 2040 818 2092 l'l'l.
836 2039 995 2100 periturae
1006 2053 1161 2106 numquam
1171 2037 1335 2108 impleturas

184 2105 290 2159 dolium
303 2124 367 2160 cum
383 2124 495 2176 semper
504 2108 601 2177 fundo
614 2110 735 2176 pereunt
752 2108 808 2160 imo
829 2109 896 2160 Hor.
913 2108 943 2160 C.
960 2106 997 2162 iii.
1011 2109 1053 2174 27',
1074 2109 1113 2160 M.
1128 2107 1163 2161 iv.
1177 2109 1225 2173 461
1247 2111 1336 2163 Meli-

182 2179 264 2245 rique
275 2179 335 2230 suis
346 2179 433 2232 letum
446 2178 625 2248 patruelibus
639 2194 706 2229 ause
717 2176 745 2229 Α
748 2178 840 2230 ssc'due
852 2181 988 2246 repetunt,
1002 2195 1073 2246 quas
1080 2179 1212 2248 perdant,
1225 2180 1336 2233 Belides

184 2248 282 2301 undas.
384 2252 445 2303 179.
465 2251 644 2313 praesentia
661 2251 784 2312 quaerit
802 2265 866 2314 cum
880 2249 973 2301 Burm.
988 2265 1038 2317 per
1056 2247 1208 2301 antithesin
1228 2249 1334 2304 dictum

183 2317 284 2385 habeo,
298 2318 369 2372 sicut
388 2320 506 2388 Semper
515 2323 581 2389 eget,
595 2323 703 2387 semper
713 2319 843 2371 abundat.
883 2320 998 2372 Frustra
1015 2323 1139 2382 quaerit
1153 2336 1225 2388 quae
1239 2330 1334 2374 tamen

184 2405 240 2440 non
254 2390 365 2456 absunt,
378 2389 429 2443 sed
442 2407 526 2458 supra
542 2398 625 2457 caput
643 2389 768 2456 pendent
787 2399 932 2458 tamquam
951 2389 980 2442 in
998 2407 1099 2442 manus
1117 2388 1190 2442 illico
1207 2401 1333 2446 uentura.

186 2459 224 2511 M.
240 2458 273 2513 iv.
288 2461 340 2528 456
363 2461 432 2527 Tibi,
450 2461 478 2513 Τ
474 2460 576 2527 antale,
596 2459 693 2513 nullae
710 2459 937 2529 Depreuduutur
953 2477 1049 2528 aqzcae,
1065 2477 1189 2528 quaeque
1207 2463 1335 2529 inminet,

183 2529 284 2599 effugit
295 2531 385 2585 arbor.
418 2530 471 2583 Od.
486 2530 522 2584 xi.
538 2531 665 2598 582-592,
727 2533 789 2584 181,
809 2532 1037 2594 Iugeribusque
1049 2546 1163 2584 nouem
1178 2533 1217 2584 M.
1232 2531 1268 2584 iv.
1281 2531 1334 2600 456

184 2602 238 2662 qui
252 2600 350 2668 Tityos
363 2604 461 2655 distat
478 2616 619 2654 summus
636 2603 676 2654 ab
689 2604 753 2654 imo
766 2601 802 2653 ab
816 2601 873 2654 ima
889 2610 968 2670 parte
987 2601 1111 2670 corporis
1128 2601 1165 2654 ad
1184 2619 1333 2670 summam,

184 2671 259 2738 quod
274 2671 394 2725 Horatio
407 2682 450 2725 est
463 2673 497 2724 ab
509 2673 565 2724 imo
578 2670 631 2724 Ad
638 2687 780 2724 summum
795 2671 823 2725 S.
836 2671 864 2724 ii.
878 2686 902 2738 3.
914 2672 974 2738 308.
1028 2674 1094 2724 182.
1114 2675 1259 2725 assiduae
1271 2676 1332 2726 aui.

184 2740 245 2794 Tib.
261 2740 277 2795 i.
292 2755 314 2808 3.
330 2742 364 2807 76
381 2743 584 2810 Porrectusque
600 2758 699 2794 nouem
717 2743 816 2810 Tityus
828 2746 885 2812 per
896 2743 996 2811 iugera
1011 2746 1104 2794 terrae
1115 2741 1257 2794 Assiduus
1271 2749 1335 2796 atro

183 2813 287 2863 uiscere
303 2814 398 2881 pascit
415 2830 489 2865 aues.
528 2814 612 2865 Mart.
633 2812 725 2880 Spect.
739 2811 814 2866 viia
836 2812 992 2865 Assiduum
1014 2813 1102 2864 nimio
1119 2816 1230 2881 pectore
1247 2815 1337 2881 pauit

183 2897 272 2935 auem.
298 2882 425 2950 Zingerle
436 2882 571 2936 Martial's
583 2881 783 2935 Ouid-studien
792 2895 866 2969 ρ.17.
886 2882 1060 2950 debitalege
1069 2899 1186 2951 poenae.
1205 2886 1334 2946 praebet
1433 2949 1435 2954 .

184 2950 317 3006 lanianda
330 2956 383 3006 aui
398 2953 527 3007 uulturio.
564 2953 618 3006 Od.
632 2951 667 3006 xi.
684 2965 732 3021 577
752 2953 794 3004 ὁδ
814 2955 847 3007 ε’π
867 2952 938 3005 ἐννέα
953 2954 1020 3004 κεῖτο
1033 2951 1156 3020 πέλεθρα,
1169 2955 1236 3005 Γῦπε
1250 2953 1279 3004 δέ
1291 2975 1334 3019 μιν

183 3022 301 3092 ἑκάτερθε
319 3024 454 3090 παρημένω
471 3018 540 3091 ἧπαρ
558 3024 655 3092 ἔκειρον
673 3023 786 3092 Δέρτρον
804 3023 857 3076 ἔσω
876 3021 1001 3075 δύνοντες.
1101 3025 1167 3075 184.
1186 3037 1334 3076 numeros

183 3091 322 3160 integram
345 3110 484 3147 summam
505 3094 568 3147 ‘the
587 3094 636 3146 full
658 3094 803 3159 measure,'
821 3091 1031 3161 ‘proportione'
1066 3092 1129 3145 Am.
1144 3091 1170 3145 ii.
1185 3091 1209 3145 6.
1223 3107 1259 3158 40
1276 3093 1333 3145 Im-

178 3163 300 3233 plcntur
310 3167 435 3217 numeris
446 3166 585 3217 detem'ara
596 3165 665 3216 suis.
698 3166 765 3217 Her.
776 3163 810 3217 iv.
821 3165 854 3216 88
872 3164 972 3215 Veneri
982 3178 1112 3214 ncrnzeros
1123 3164 1258 3231 eripuisse
1269 3179 1335 3216 suos

182 3233 230 3286 ubi
243 3235 278 3288 A.
293 3236 404 3288 Palmer
416 3235 496 3288 affert
510 3237 550 3288 M.
564 3234 579 3287 i.
594 3247 646 3300 427
659 3235 795 3302 quaedam
814 3234 967 3303 inperfecta
983 3234 1096 3302 scrz'sque
1112 3233 1224 3285 Trunca
1237 3234 1336 3286 rudent

183 3307 315 3358 numeris.
424 3308 489 3373 185,
503 3309 530 3358 6.
551 3305 628 3357 ‘The
648 3304 770 3358 seconde
789 3304 851 3357 shal
871 3305 921 3370 thy
939 3313 1018 3356 toem
1038 3303 1148 3356 limmes
1168 3303 1284 3356 commit
1304 3314 1333 3356 to

183 3385 311 3442 serpents
325 3375 382 3428 ire:
402 3377 463 3429 The
475 3375 551 3429 third
564 3376 614 3443 thy
627 3375 688 3428 face
707 3376 836 3442 bemoyst
850 3373 915 3427 with
929 3383 1020 3427 teares
1039 3374 1109 3426 shall
1129 3383 1188 3426 cast
1208 3372 1267 3426 into
1285 3374 1333 3426 the

183 3444 249 3498 iire'
275 3447 306 3498 T.
320 3446 510 3499 Vnderdown.
653 3449 718 3498 185.
739 3451 839 3499 sectos
858 3447 946 3498 dabit
965 3445 1082 3497 fortasse
1102 3442 1119 3497 i.
1133 3460 1159 3513 q.
1173 3443 1289 3510 secabit,
1303 3454 1333 3498 ut

183 3515 324 3585 defensum
342 3517 416 3569 debit
434 3533 484 3585 pro
502 3517 628 3586 defendet
645 3517 716 3569 Aen.
733 3515 779 3570 xii.
793 3528 854 3582 437,
872 3521 956 3568 uasta
973 3515 1042 3568 dubo
1060 3531 1111 3583 pro
1129 3514 1244 3567 uastabc
1263 3515 1332 3568 Aen.

183 3584 219 3638 ix.
232 3601 302 3654 3233
321 3586 355 3639 cf.
376 3589 546 3640 Munronem
568 3587 605 3640 ad
628 3588 709 3640 Lucr.
728 3585 762 3639 iv.
782 3601 824 3651 41.
929 3588 995 3639 186.
1018 3587 1177 3638 fumantes
1198 3601 1248 3653 per
1270 3601 1334 3652 pro-

183 3656 281 3725 lepsin,
303 3666 333 3711 ut
352 3657 468 3711 fument.
513 3661 660 3720 incoquet
680 3661 752 3720 igne
773 3657 898 3723 ἐτιμόνως
918 3659 1032 3723 πυρώσει
1054 3655 1171 3707 Axioch.
1192 3667 1242 3721 372
1263 3653 1333 3707 ‘will

183 3727 267 3781 char.²
373 3730 440 3782 188.
460 3732 496 3781 in
520 3744 637 3792 poenas
660 3730 843 3792 ingeniosus
867 3736 956 3780 totam
981 3725 1039 3779 uim
1064 3724 1167 3793 ingenii
1193 3725 1333 3778 exercebit

183 3797 220 3851 ad
245 3814 321 3851 noua
342 3798 480 3868 supplicia
504 3797 705 3852 inueniendum
730 3797 800 3850 ‘will
822 3799 940 3850 exhaust
960 3795 1005 3849 his
1027 3797 1110 3864 fancy
1128 3806 1157 3849 to
1177 3796 1234 3848 find
1256 3813 1333 3864 ways

182 3868 215 3920 of
235 3868 403 3937 punishing.¹
451 3869 535 3923 Trist.
557 3868 583 3922 ii.
607 3883 658 3936 342
679 3868 770 3936 Inque
793 3885 868 3920 meus
887 3872 993 3937 paenas
1018 3865 1209 3935 ingeniosus
1234 3883 1331 3921 eram.

183 3939 263 4007 ‘Thy
276 3938 370 3992 sinfull
387 3940 470 4008 ghost
490 3957 507 3993 a
525 3939 667 3993 thousand
680 3955 781 4006 wayeS,
795 3939 867 3990 shall
882 3939 949 3990 then
962 3938 998 3990 be
1017 3946 1066 4005 put
1085 3946 1113 3989 to
1132 3954 1242 4005 payne:
1266 3937 1333 3990 And

182 4011 294 4063 Aeacus
307 4018 336 4063 to
355 4009 457 4079 punish
477 4011 550 4076 thee,
563 4010 635 4062 shall
655 4009 753 4062 search
772 4007 815 4061 his
835 4008 938 4061 skilsull
956 4007 1077 4075 brayne'
1097 4010 1130 4060 T.
1143 4007 1332 4061 Vnderdown.

182 4084 248 4134 189.
267 4084 457 4134 transcribet
474 4080 622 4134 transferet
637 4081 677 4133 M.
691 4079 735 4132 vii.
753 4091 810 4146 173,
829 4081 899 4132 Aen.
914 4077 959 4131 vii.
973 4092 1033 4143 422.
1072 4077 1186 4146 Proprie
1200 4077 1332 4132 dicebant

181 4152 366 4204 transcribere
378 4168 480 4220 agrum
485 4151 614 4220 fundum
625 4151 780 4219 pecuniam.
844 4153 904 4202 191.
924 4151 1098 4202 reuolubile
1111 4148 1186 4215 apud
1198 4147 1333 4200 Ouidium

181 4222 226 4273 ἇπ.
239 4223 379 4289 λεγόμενον
391 4221 543 4274 reuolubile
554 4239 656 4273 sarum
670 4220 718 4273 Sil.
731 4219 767 4273 xi.
780 4219 832 4285 476
846 4219 881 4273 de
894 4219 994 4272 eodem
1009 4218 1138 4286 Sisypho.
1209 4222 1333 4281 pondus

182 4299 283 4345 saxum
301 4291 377 4361 quod
395 4293 453 4345 fato
473 4309 584 4361 semper
602 4291 744 4344 relabitur.
876 4293 940 4342 194.
968 4293 1190 4350 inconsumpto
1211 4289 1291 4339 Pont.
1315 4287 1332 4340 i.

182 4378 207 4416 2.
221 4377 264 4428 41.
336 4365 399 4416 195.
418 4364 522 4416 huius.
560 4363 624 4415 ‘No
637 4364 718 4415 other
730 4361 816 4414 death
835 4361 896 4413 shal
915 4360 987 4412 ende
1000 4360 1048 4412 the
1067 4374 1184 4427 paynes,
1196 4358 1257 4410 that
1276 4355 1331 4409 this

182 4433 268 4487 death
281 4432 395 4501 bringes
407 4443 436 4487 to
449 4434 531 4486 thee:
552 4435 628 4486 Vnto
643 4433 691 4486 the
710 4431 811 4500 griefes
830 4431 891 4484 that
909 4431 976 4482 thou
996 4430 1069 4482 shalt
1088 4429 1169 4492 have,
1177 4443 1219 4506 ,no
1238 4427 1333 4478 hower

181 4504 236 4557 last
259 4504 330 4558 shall
351 4503 402 4558 be'
423 4505 455 4557 T.
476 4503 663 4557 Vnderdown.
715 4504 821 4555 Locum
846 4499 970 4553 imitatus
993 4509 1036 4553 est
1060 4497 1198 4550 Martialis
1221 4514 1244 4549 x.
1261 4508 1283 4563 5.
1301 4509 1331 4560 13

750 4587 762 4633 I
