3038 5010
223 390 280 446 138
624 384 970 447 COMMENTARIVS.

222 547 294 600 Stat.
311 545 339 599 S.
354 543 370 599 i.
388 559 408 599 1.
422 543 457 598 66
475 548 588 598 sacrata
606 558 713 613 uorago
731 544 900 612 Famosipne
917 543 996 597 lacus
1013 559 1132 598 nomen
1152 543 1372 599 memorabile

222 626 366 684 seruant,
380 617 412 669 82
427 614 495 669 dicit
510 613 622 668 Curtius
636 613 801 667 Domitiano
817 614 901 683 Quod
912 616 941 667 si
954 620 981 668 te
995 620 1093 667 nostra
1108 616 1241 669 tulissent
1251 616 1373 668 Saecula

145 728 151 743 .
222 691 383 756 temptasses
404 703 448 739 me
468 702 524 739 non
546 685 665 738 audente
687 684 854 754 profundo
881 687 933 738 Ire
957 686 1038 740 lacu.
1076 684 1139 738 Nisi
1160 685 1232 739 forte
1252 685 1373 739 Ouidius

223 768 370 838 utramque
384 757 508 809 fabulam
519 754 689 824 permiscuit.
797 758 869 810 444.
884 759 1024 817 Nomina
1034 759 1131 810 nulla.
1170 757 1247 809 Nam
1259 754 1373 810 notissi-

222 845 286 881 mus
299 828 349 881 luit
362 827 440 880 lacus
455 825 575 880 Curtius.
615 824 691 878 Hinc
704 824 843 892 colligitur
855 843 921 880 uere
934 827 1027 879 locum
1041 826 1076 880 de
1087 825 1183 880 Curtio
1196 825 1371 895 interpretati

224 899 320 952 Const.
336 896 475 951 Fanensis
494 906 521 950 et
536 896 711 950 Passeratius
729 896 766 948 ad
781 898 861 964 Prop.
877 896 914 951 iii.
931 912 970 950 11.
984 897 1033 950 61:
1052 913 1119 950 nam
1137 896 1165 950 in
1178 897 1299 951 obscuro
1312 905 1372 951 erat

222 985 328 1022 nomen
338 966 481 1036 Aegistaei
492 966 552 1021 eius
562 966 610 1036 qui
620 966 749 1020 Celaenis
763 966 791 1018 in
805 967 873 1020 urbe
884 966 1023 1035 Phrygiae
1036 983 1101 1021 cum
1111 976 1185 1020 terra
1198 967 1225 1020 in
1237 984 1373 1035 magnum

223 1038 332 1092 hiatum
345 1049 373 1093 et
386 1055 474 1108 aquas
488 1037 603 1091 diducta
616 1047 698 1105 esset,
713 1053 785 1106 quae
798 1039 900 1091 multas
915 1037 1014 1091 domos
1028 1054 1092 1090 cum
1105 1036 1219 1090 familiis
1233 1037 1372 1104 obrueret,

223 1109 300 1163 iusso
312 1109 393 1164 Mida
402 1119 482 1178 patre
489 1125 540 1178 per
547 1109 690 1161 oraculum
700 1124 734 1161 eo
745 1107 855 1161 deicere
863 1108 939 1176 quod
949 1107 1022 1161 inter
1030 1107 1160 1162 homines
1170 1117 1245 1162 esset
1255 1107 1371 1161 maximi

223 1179 314 1250 pretii,
327 1196 400 1249 equo
419 1177 545 1232 insidens
564 1177 592 1231 in
612 1195 712 1232 cauum
732 1177 845 1245 insiluit,
859 1188 931 1233 teste
946 1177 1118 1232 Callisthene
1135 1196 1178 1247 ap.
1193 1178 1373 1247 Apostolium

225 1252 305 1304 Cent.
320 1249 335 1303 i.
352 1247 403 1320 58¹³
421 1249 552 1315 Leutsch,
569 1266 590 1303 s.
602 1266 628 1303 u.
641 1248 780 1318 Αἶγιστέου
797 1247 909 1317 πήδημα.
948 1250 1033 1302 Hunc
1053 1249 1193 1303 Stobaeus
1211 1250 1284 1302 Flor.
1300 1261 1323 1315 7.
1338 1249 1373 1316 69

223 1330 251 1375 et
266 1322 432 1374 Plutarchus
447 1320 545 1373 Parall.
562 1332 574 1388 5
588 1320 752 1372 Anchurum
765 1328 875 1373 uocant.
1007 1321 1080 1372 445.
1099 1322 1298 1373 dedentibus
1310 1323 1374 1373 orti

224 1391 326 1460 Sparti.
358 1394 433 1459 Hyg.
446 1391 494 1456 178
509 1391 632 1445 Cadmus
643 1394 717 1442 sorte
728 1390 829 1442 audita
842 1388 883 1457 (ut
896 1389 1031 1458 oppidum
1045 1390 1179 1444 conderet
1192 1389 1240 1443 ubi
1254 1389 1376 1444 iuuenca‘

223 1461 414 1530 decubuisset)
436 1478 499 1514 cum
522 1463 662 1530 imperata
681 1461 841 1530 persedisset
860 1466 888 1513 et
907 1477 1011 1529 aquam
1034 1465 1186 1529 quaereret,
1208 1461 1250 1514 ad
1261 1461 1373 1530 sontem

208 1533 383 1586 Castalium
401 1533 488 1599 uenit,
504 1548 586 1601 quem
604 1532 687 1584 draco
704 1532 813 1583 Martis
822 1531 909 1600 filins
925 1531 1101 1586 custodiebat.
1138 1533 1191 1600 qui
1205 1548 1269 1584 cum
1287 1533 1374 1584 socios

226 1604 328 1657 Cadmi
349 1603 530 1673 interfecisset
549 1620 568 1654 a
591 1602 695 1655 Cadmo
715 1602 810 1669 lapide
832 1607 874 1654 est
896 1601 1077 1670 interfectus;
1102 1602 1289 1670 dentesque
1313 1603 1374 1654 eins

223 1675 362 1727 Minerua
380 1677 553 1726 monstrante
574 1671 698 1741 sparsit
716 1678 744 1724 et
761 1674 866 1739 arauit,
886 1673 960 1726 unde
978 1673 1100 1741 Spartae
1116 1677 1184 1725 sunt
1201 1673 1285 1726 enati.
1322 1672 1376 1741 qui

222 1747 300 1798 inter
309 1749 525 1814 redarguerunt,
537 1760 574 1795 en
583 1742 684 1812 quibus
695 1744 819 1811 quinque
830 1743 1037 1812 superfuerunt.
1152 1745 1223 1795 446.
1243 1745 1374 1796 Sidonia

226 1815 351 1868 Cadmus
371 1813 497 1868 Phoenix
518 1813 590 1867 Cilix
608 1815 724 1881 Europa
743 1831 778 1866 ex
795 1815 927 1880 Agenore
951 1813 1010 1867 nati
1035 1812 1082 1882 qui
1104 1812 1232 1881 regnauit
1256 1812 1370 1867 Sidone

223 1887 293 1953 447,
306 1890 334 1939 8.
354 1884 427 1938 Vide
441 1886 605 1938 Excursum
676 1886 746 1937 449.
766 1887 882 1947 quibus
896 1883 979 1938 uotis.
1017 1887 1129 1948 exiguo
1143 1887 1258 1938 libello.
1296 1883 1373 1936 Hinc

225 1957 259 2010 O.
281 1955 469 2010 Schneiderus
496 1953 617 2022 (Callim.
643 1952 669 2007 ii.
700 1970 726 2022 p.
753 1955 816 2021 278)
842 1953 947 2023 colligit
973 1953 1177 2008 Callimachum
1204 1952 1278 2008 Ibidi
1305 1970 1373 2007 suae

224 2026 355 2080 historias
368 2042 425 2078 non
438 2025 589 2079 intexuisse
602 2025 699 2105 quales
713 2024 832 2078 Ouidius
845 2042 896 2078 suo
912 2024 1029 2079 carmini
1045 2024 1210 2093 interposuit
1222 2041 1229 2091 3
1247 2024 1373 2091 libellum
1396 2076 1399 2081 .

224 2097 301 2150 enim
321 2096 496 2165 epigramma
515 2112 572 2148 non
593 2095 678 2148 nimis
699 2112 834 2163 magnum
852 2095 944 2150 fuisse.
1018 2099 1132 2149 deuota
1153 2112 1170 2149 a
1190 2094 1373 2149 Callimacho,

224 2170 294 2221 450.
313 2171 454 2231 proiecta
470 2182 553 2229 aqua
568 2165 638 2219 Plin.
652 2164 708 2219 viii.
722 2178 755 2234 97
769 2166 825 2219 Ibis
838 2168 927 2219 rostri
939 2166 1100 2220 aduncitate
1113 2169 1244 2235 peream
1258 2169 1373 2235 partem
1439 2192 1448 2209 κ

224 2255 253 2290 se
262 2238 394 2308 perluens
411 2254 468 2306 qna
480 2236 561 2290 reddi
574 2236 698 2289 ciborum
710 2252 795 2289 onera
812 2239 934 2290 manime
945 2237 1056 2290 salubre
1067 2242 1114 2290 est.
1154 2235 1220 2290 Isid.
1235 2235 1311 2304 Orig.
1326 2234 1372 2289 xii.

225 2321 249 2374 7.
264 2323 305 2375 33.
344 2307 482 2374 Georgius
503 2306 557 2360 Pis.
579 2308 715 2360 Hexaem.
733 2321 800 2359 1120
817 2310 867 2375 Τῆς
884 2308 935 2377 γὰρ
954 2307 1066 2360 κάτωθεν
1084 2307 1262 2376 ἐμφραγείσης
1280 2306 1372 2370 ἐξόδου

224 2376 409 2447 Ἀμηχονοῦσα
420 2382 474 2431 πῶς
486 2376 580 2443 ἀνοίξει
593 2376 637 2445 τὴν
650 2375 738 2446 θύραν,
751 2377 800 2431 Τδν
812 2379 909 2447 μακρὸν
920 2377 1053 2431 ἐκτείνασα
1066 2378 1150 2444 λοξῶς
1162 2377 1256 2446 αὐχένα
1269 2377 1373 2444 Σίφωνα

224 2451 320 2519 γοργὸν
339 2445 477 2501 τεκτονεῦει
495 2449 525 2500 τὸ
543 2449 636 2514 στόμα.
665 2449 713 2499 Καὶ
733 2448 815 2516 χυλὸν
831 2448 914 2516 ἅλμης
934 2448 1089 2516 ἐμβαλοῦσα
1107 2448 1232 2502 roisiaco
1251 2448 1288 2500 Τὰ
1306 2447 1372 2514 ξηρὰ
1389 2470 1392 2475 ’

225 2518 361 2587 ῥευοτροῖς
385 2518 565 2586 ἐξεφόρτωσεν
588 2518 664 2586 βάρη.
705 2516 906 2587 (Saluagnius)
949 2519 1006 2573 Sed
1031 2535 1095 2572 cum
1121 2516 1287 2573 Callimachi
1313 2517 1372 2571 lbis

171 2592 174 2598 '
225 2589 347 2659 perierit,
369 2587 506 2642 incertum
528 2598 571 2642 est
589 2605 657 2641 num
679 2589 751 2641 hanc
772 2588 795 2642 is
817 2589 982 2643 foeditatem
1001 2588 1122 2642 uolucris
1143 2588 1296 2642 insectatus
1317 2587 1371 2642 sit:

224 2677 317 2730 neque
330 2659 360 2712 id
372 2659 400 2712 in
412 2658 507 2713 Ouidii
519 2658 613 2712 uerbis
627 2658 707 2712 inest.
738 2661 814 2713 Nam
827 2677 930 2729 aquam
943 2658 1069 2729 proicere
1081 2676 1138 2729 qua
1149 2676 1251 2728 corpus
1264 2659 1373 2712 lauetur

225 2729 381 2784 munditiae
394 2739 445 2798 est,
460 2746 564 2799 aquam
582 2746 649 2783 uero
668 2729 779 2782 nonnisi
797 2747 897 2799 puram
916 2730 976 2784 ibes
994 2730 1091 2784 bibere
1106 2739 1225 2784 testatur
1237 2729 1372 2783 Aelianus

227 2803 264 2855 H.
278 2803 313 2856 A.
325 2800 371 2855 vii.
384 2813 426 2869 45.
548 2802 613 2854 451.
632 2803 694 2854 ille.
741 2800 900 2854 Scholiasta
920 2799 987 2854 dicit
1009 2801 1210 2854 Menedemum
1230 2800 1373 2868 quendam

224 2873 312 2926 heroa
331 2872 485 2925 Troianum
502 2870 627 2941 pluribus
646 2869 741 2924 cultris
760 2870 798 2924 ibi
817 2870 995 2925 interfectum
1012 2871 1118 2925 fuisse:
1140 2870 1224 2939 idque
1242 2887 1373 2923 narrasse

226 2942 438 2996 Callimachum.
480 2941 609 3010 Plerique
628 2951 693 3010 post
712 2941 869 2995 Domitium
889 2942 924 2995 de
943 2940 1019 2995 Osiri
1037 2942 1130 2995 locum
1149 2939 1306 3009 intelligunt
1325 2939 1372 3010 qui

225 3012 254 3066 in
273 3010 497 3082 quattuordecim
517 3013 600 3075 (Plut.
621 3011 657 3065 de
679 3011 745 3065 lsid.
769 3011 811 3078 18)
830 3013 875 3066 uel
896 3011 995 3080 uiginti
1016 3030 1064 3066 sex
1083 3021 1177 3080 partes
1198 3027 1216 3064 a
1234 3011 1373 3080 Typhone

225 3083 383 3152 discerptus
407 3082 489 3137 fuerit
515 3081 610 3149 (Diod
634 3082 651 3136 i.
674 3081 738 3150 21):
766 3082 817 3136 sed
841 3083 877 3136 ab
901 3082 984 3136 huius
1009 3081 1096 3136 sacris
1121 3083 1224 3135 cultros
1248 3081 1373 3135 abluisse

225 3163 369 3208 auctorem
392 3171 450 3207 non
474 3153 602 3220 afferunt,
627 3169 799 3222 quamquam
823 3152 853 3207 id
877 3171 944 3207 uero
968 3152 1086 3206 similius
1110 3153 1145 3211 fit,
1165 3150 1241 3222 quod
1255 3169 1372 3206 momen

226 3223 347 3279 Osiridis
367 3223 395 3277 in
415 3222 464 3278 tali
484 3241 514 3278 re
533 3224 656 3292 proferre
674 3223 782 3292 relligio
802 3223 861 3289 fuit,
882 3224 952 3278 Hdt.
969 3223 996 3277 ii.
1014 3238 1071 3292 132,
1087 3236 1143 3289 171.
1180 3224 1226 3275 An
1246 3224 1373 3291 Neopto·

224 3295 314 3349 lemus
339 3293 432 3364 potius
457 3294 630 3362 significatur
653 3311 737 3364 quem
760 3293 880 3363 Delphis
904 3304 970 3348 ante
993 3311 1072 3347 aram
1099 3292 1237 3362 Apollinis
1265 3293 1373 3346 sacrifi·

223 3375 337 3420 cantem
357 3366 476 3435 populus
500 3364 654 3434 Delphicus
674 3365 720 3418 uel
741 3363 873 3419 sacerdos
895 3365 1081 3419 Machaereus
1101 3363 1195 3417 cultris
1215 3362 1374 3417 interfecit?

224 3437 319 3490 Schol.
334 3435 415 3490 Pind.
430 3438 465 3489 N.
480 3434 524 3489 vii.
539 3436 572 3489 62
592 3436 660 3488 Φασὶ
672 3438 719 3488 τοῦ
731 3434 914 3503 Νεοπτολέμου
931 3433 1036 3490 θῦοντος
1047 3433 1108 3488 τοὺς
1120 3433 1241 3501 Δελφοὺς
1253 3435 1373 3503 ἁρπάζειν

224 3508 256 3559 τὰ
269 3506 376 3574 θύματα,
387 3507 420 3560 ὡς
432 3506 490 3560 ἔθος
502 3506 595 3560 αὐτοῖς·
607 3506 651 3559 τὸν
663 3506 691 3559 δὲ
704 3507 886 3573 Νεοπτόλεμον
898 3503 1098 3573 δυσανασχίτως
1110 3506 1203 3573 ἔχοντα
1215 3503 1372 3557 διακωλύειν·

224 3577 316 3632 αὐτοὺς
335 3577 363 3630 δὲ
383 3574 575 3645 διαχρήσασθαι
595 3576 671 3630 αὐτὸν
690 3577 754 3645 ξίφη
774 3577 887 3645 ἔχοντας.
938 3577 1021 3630 Certe
1047 3576 1083 3629 ab
1108 3574 1214 3629 inferiis
1239 3573 1299 3628 eius
1324 3573 1372 3644 qui

224 3647 319 3701 cultris
333 3647 453 3716 perierat
462 3646 620 3715 (μαχαίραις)
630 3646 730 3700 merito
743 3647 918 3701 amouendus
931 3657 991 3701 erat
1004 3647 1098 3700 culter.
1180 3648 1250 3699 452.
1263 3648 1372 3698 culter.

225 3717 390 3786 Spartianus
403 3717 459 3771 Vit.
472 3715 608 3770 Hadrian.
624 3732 653 3784 13
666 3718 709 3770 Et
720 3719 752 3770 in
763 3717 876 3771 Achaia
888 3718 999 3787 quedem
1011 3718 1096 3770 etiam
1109 3715 1187 3770 illud
1196 3716 1372 3769 absentatum

215 3788 322 3858 ferimt
332 3788 410 3857 qnod
423 3804 486 3841 cum
504 3789 536 3840 in
552 3789 641 3840 sacris
657 3788 745 3841 multi
758 3790 863 3841 cultros
880 3788 1012 3841 baberent
1028 3804 1092 3841 cum
1103 3788 1257 3841 Hadriano
1273 3786 1373 3839 nullus

223 3864 353 3911 armatus
373 3859 517 3928 ingressus
539 3863 585 3911 est.
626 3857 784 3913 Philostrat.
805 3858 870 3912 Vit.
882 3859 1013 3927 Apollon.
1034 3872 1084 3925 342
1108 3860 1185 3910 Οὔπω
1205 3857 1269 3925 ὑπὲρ
1290 3857 1373 3909 αὐτῶν

223 3928 315 3994 ἔθυσα,
325 3925 377 3981 οὐδ’
388 3928 419 3980 ἂν
431 3927 537 3995 θύσαιμι
549 3928 631 3994 οὐδὲν,
643 3926 695 3981 οὐδ’
706 3927 736 3980 δν
748 3928 845 3999 θίγοιμι
858 3930 931 3999 ἶερῶν
944 3929 972 3981 ε’ν
984 3924 1022 3993 οἷς
1034 3925 1103 3995 οἶμα,
1114 3925 1167 3980 οὐδ’
1176 3926 1207 3979 ἂν
1216 3927 1337 3995 εὐξαίμην
1347 3927 1373 3981 ἐς

224 4000 379 4067 μάχαιραν
390 3997 496 4061 βλέπων
508 3996 522 4065 ἢ
535 3998 634 4052 θυσίαν.
709 4002 780 4053 453.
799 4003 963 4054 Attonitus
975 3999 1067 4052 furore
1079 3997 1202 4068 percitus
1216 3996 1297 4051 ‘with
1310 3997 1372 4065 fury

224 4070 301 4137 rapt'
314 4069 539 4123 T.Vnderdown.
608 4071 679 4122 454.
697 4073 776 4124 uilia
787 4075 929 4125 membra
942 4070 984 4139 (F.
996 4069 1032 4124 iv.
1042 4083 1102 4137 244,
1116 4068 1178 4122 Tib.
1190 4067 1205 4122 i.
1217 4067 1308 4136 470),
1322 4084 1373 4136 per

223 4139 450 4208 euphemismum
471 4138 564 4208 posuit
584 4150 614 4194 ut
633 4139 803 4209 significaret
822 4142 931 4195 nentia.
977 4142 1054 4194 Lact.
1074 4158 1100 4193 v.
1124 4154 1152 4192 11
1176 4140 1207 4193 in
1231 4138 1373 4191 obscenam

218 4213 406 4280 prorumpere
418 4211 567 4265 uilitatem.
594 4210 676 4279 Galli,
687 4211 848 4265 sacerdotes
863 4211 994 4280 Cybelae,
1004 4210 1072 4264 dum
1084 4209 1246 4263 uirilitatem
1259 4208 1312 4262 sibi
1326 4226 1377 4262 ex·-

223 4291 330 4349 secant,
343 4284 421 4334 uilia
432 4285 574 4335 membra
585 4282 612 4336 h.
621 4298 645 4336 e.
659 4280 687 4334 in
701 4291 864 4351 contemptu
877 4299 907 4336 se
920 4282 1025 4335 habere
1037 4281 1222 4334 testabantur.
1262 4282 1373 4333 modos

222 4351 363 4405 tibiarum.
423 4354 492 4405 455.
512 4356 620 4417 Deque
631 4355 701 4406 uiro
715 4362 797 4406 exuta
810 4352 940 4407 uirilitate
953 4368 1026 4422 quae
1039 4350 1088 4405 tibi
1102 4350 1178 4419 prius
1192 4349 1249 4404 fuit.
1286 4352 1326 4403 M.
1336 4349 1372 4405 ix.

223 4435 276 4488 744
284 4427 407 4492 puerum
419 4423 452 4475 de
464 4425 584 4492 uirgine,
597 4425 631 4477 A.
644 4425 677 4477 A.
692 4422 719 4477 ii.
734 4424 784 4492 564
796 4425 841 4477 De
852 4424 920 4477 duce
931 4423 1055 4476 terribili
1060 4422 1161 4491 factus
1174 4427 1288 4475 amator
1301 4426 1370 4475 erat.

222 4509 280 4547 neo
292 4497 410 4548 femina
420 4510 478 4547 nee
490 4498 550 4548 uir.
582 4495 643 4549 Cat.
656 4493 721 4548 lxiii.
735 4508 767 4561 27
781 4494 868 4548 notha
880 4495 986 4548 neubier
995 4494 1030 4563 69
1041 4509 1090 4564 ego
1103 4493 1160 4546 mei
1168 4496 1248 4562 pars,
1261 4508 1311 4561 ego
1324 4491 1375 4545 nir
