3038 5010
582 395 928 461 COMMENTARIVS.
1271 403 1328 463 133

179 560 233 607 tus
244 551 379 608 exhibuit.
422 554 490 608 399.
503 555 615 607 Frater
623 555 783 607 utAntaei
793 551 909 607 Busiris,
930 553 1054 623 Vterque
1064 550 1140 607 enim
1148 570 1182 609 ex
1193 555 1330 625 Neptuno

180 624 326 692 procreati.
363 640 425 688 quo
444 628 597 689 sanguine
614 627 725 678 debuit
737 641 796 692 suo,
809 640 867 676 non
880 623 998 677 aliorum
1011 641 1081 693 quos
1095 625 1259 680 innocentes
1272 644 1331 680 uon

179 694 312 748 debuerat
322 705 454 749 mactare.
541 698 614 748 400.
632 697 784 758 exemplis
802 697 917 748 oceidit
933 698 1002 758 ipse
1019 699 1094 749 suis.
1132 696 1179 750 Sic
1196 698 1329 751 sacerdos

182 765 367 819 Nemorensis
375 768 455 835 perit
461 767 585 843 exemplo
593 767 710 834 quisque
721 782 772 818 suo
786 767 817 819 F.
828 765 865 819 iii.
876 777 926 831 272
938 782 1002 818 cum
1011 765 1058 834 qui
1069 776 1112 820 est
1121 767 1243 835 priorem
1256 785 1331 821 sem-

180 851 231 903 per
243 835 377 890 occiderit
390 847 474 905 atque
487 836 547 905 ipse
560 847 660 904 postea
673 837 709 889 ab
722 835 778 888 alio
791 835 942 890 occidatur.
1008 839 1077 889 401.
1095 841 1150 900 qui
1164 837 1329 893 Diomedes.

180 921 310 970 gramen
327 909 518 961 habentibus
535 910 643 961 herbis
656 905 757 976 quibus
771 905 844 960 inest
857 922 972 974 grauun
987 905 1144 974 (Saluagn.)
1180 909 1273 962 Burm.
1288 918 1330 962 at-

181 976 243 1030 tulit
258 978 298 1030 M.
312 976 328 1030 i.
342 977 393 1044 633
407 983 498 1030 terrae
509 994 566 1030 uon
580 981 689 1046 semper
699 992 821 1046 gramen
837 976 956 1030 babenti.
995 978 1119 1031 Gramen
1137 976 1184 1031 hic
1202 988 1245 1032 est
1264 996 1332 1032 esca

181 1063 317 1115 equorum
330 1057 359 1101 ut
374 1050 414 1101 M.
425 1047 461 1102 iv.
471 1060 530 1116 215.
593 1050 665 1103 402.
685 1049 753 1101 Her.
768 1047 801 1100 ix.
813 1046 847 1113 67
860 1047 944 1100 criidi'
952 1047 1098 1100 Diomedis
1109 1049 1204 1118 imago
1216 1050 1332 1118 Efferus

181 1116 308 1170 bumana
319 1118 453 1187 quidape
459 1119 548 1188 pauit
558 1135 651 1186 equas.
721 1120 793 1171 403.
810 1121 937 1171 uindice
951 1119 1082 1172 Hercule.
1160 1121 1232 1171 404.
1252 1123 1330 1174 Nee-

181 1203 237 1241 eus
252 1191 485 1252 Dexamenique
503 1205 598 1254 gener
616 1190 690 1257 Hyg.
704 1203 735 1255 31
753 1188 925 1242 Centaurum
937 1189 1059 1241 Nessum
1075 1188 1152 1256 quod
1160 1189 1331 1243 Deianiram

182 1258 292 1311 uiolare
309 1259 410 1328 uoluit,
423 1260 529 1314 occidit.
565 1260 752 1328 Eurytionem
766 1260 948 1325 Centaurum,
965 1259 1042 1326 quod
1054 1259 1224 1313 Deianiram
1236 1261 1331 1314 Deua·

182 1330 358 1398 meni'fili'am
370 1333 512 1396 speratam
524 1346 605 1383 suam
618 1346 733 1382 uxorem
741 1331 829 1398 petiit
839 1329 944 1382 occidit.
971 1328 1109 1397 Eurytion
1118 1345 1213 1394 gener
1221 1330 1331 1399 dicitur,

182 1399 259 1468 quod
273 1401 454 1454 Dexamenus
467 1403 528 1453 uini
541 1400 600 1454 eius
613 1402 715 1470 timens
725 1401 873 1470 pollicitus
889 1404 930 1452 est
946 1416 975 1452 se
991 1400 1128 1452 elaturum
1146 1400 1330 1455 Deianiram:

183 1476 267 1539 atque
278 1469 338 1538 ipse
347 1470 484 1539 Eurytion
492 1471 537 1525 di'e
546 1473 696 1524 constituto
705 1472 785 1523 uenit
792 1470 1176 1539 cumfratribusaduuptias,
1185 1480 1332 1541 tamquam

183 1556 247 1594 eam
264 1540 397 1594 ducturus
412 1543 486 1609 Hyg.
500 1555 542 1608 33.
648 1540 788 1594 405-412
806 1542 843 1595 ab
863 1540 986 1594 Hercule
1005 1539 1105 1594 transit
1123 1540 1161 1594 ad
1179 1543 1331 1596 Theseum.

184 1612 320 1665 Narrarat
340 1611 375 1665 de
393 1611 544 1680 Peripheta
563 1609 661 1666 Sinide
681 1609 797 1665 Scirone
812 1613 956 1678 Cercyone
975 1610 1165 1679 Polypemone
1185 1612 1244 1666 siue
1264 1614 1333 1666 Pro-

183 1691 278 1735 crusta
300 1681 489 1735 Callimachus
512 1682 540 1735 in
564 1682 681 1750 Hecale,
701 1691 731 1735 ut
752 1691 828 1736 retur
850 1681 1039 1736 Schneiderus
1060 1680 1167 1735 Callim.
1181 1681 1209 1736 ii.
1229 1699 1255 1751 p.
1273 1682 1330 1736 186.

182 1754 252 1806 405.
277 1768 443 1817 pronepos,
466 1755 609 1817 Saturne,
630 1758 706 1806 tuus
731 1753 885 1821 Corynetes
909 1753 955 1806 uel
980 1750 1144 1819 Periphetes
1170 1752 1332 1822 (Hesych.),

183 1821 256 1875 filius
273 1823 392 1876 Vulcani
414 1823 554 1892 (Apollod.
573 1822 609 1876 iii.
627 1823 665 1876 16.
684 1837 705 1890 1,
725 1824 808 1877 Paus.
824 1823 851 1876 ii.
869 1838 890 1876 1.
903 1836 928 1890 4,
950 1822 1099 1890 Hyg.158,
1120 1823 1189 1877 Met.
1202 1822 1248 1878 vii.
1266 1823 1330 1892 437)

183 1894 229 1947 uel
243 1893 369 1962 Neptuni
384 1894 471 1961 (Hyg.
483 1894 538 1962 38),
552 1893 598 1963 qui
612 1892 697 1947 ambo
710 1909 745 1946 ex
759 1895 835 1962 loue,
851 1892 908 1946 filio
922 1891 1043 1947 Saturni.
1098 1908 1191 1956 quem
1203 1896 1333 1948 reddere

183 1966 284 2017 uitam
296 1963 437 2032 exspirare
451 1963 544 2032 (Lucr.
555 1964 589 2018 vi.
604 1965 679 2032 1198,
694 1965 763 2018 Met.
774 1983 797 2017 κ
809 1964 881 2031 203).
953 1965 1024 2016 406.
1044 1965 1215 2018 Coronides
1226 1967 1333 2018 Aescu-

184 2034 284 2103 lapius,
306 2033 378 2088 filius
393 2035 536 2104 nymphae
554 2033 703 2088 Coronidis
718 2033 812 2103 (Paus.
827 2033 853 2088 ii.
868 2033 909 2088 26.
923 2033 948 2102 6,
964 2035 1001 2087 H.
1016 2034 1101 2086 Hom.
1119 2033 1157 2087 16.
1172 2035 1210 2102 2).
1245 2038 1333 2089 Vrbe

183 2108 267 2159 uidit
279 2109 319 2159 ab
331 2108 399 2169 ipse
412 2121 470 2164 sua
483 2104 635 2174 Epidauro,
672 2105 802 2173 Apollod.
817 2104 854 2158 iii.
868 2104 906 2159 16.
920 2119 931 2158 1
947 2109 1055 2173 Πρῶτον
1066 2104 1113 2172 μὲν
1125 2103 1171 2158 οὖν
1182 2105 1334 2174 Περιφήτην

184 2175 386 2245 τδνᾛφοίστου
398 2177 438 2227 καὶ
447 2175 642 2248 Ἀντικλείας,δς
654 2173 704 2228 ἀπὸ
715 2177 761 2241 τῆς
773 2174 879 2245 κορύνης
890 2172 921 2243 ἦν
930 2175 1020 2244 ε’φόρει
1028 2173 1173 2243 Κορυνήτης
1184 2175 1334 2229 ἐπεκαλεῖτο
1340 2222 1346 2257 J

184 2245 293 2299 ἔκτεινεν
304 2246 332 2298 ἐν
343 2243 498 2315 Ἐπιδαύρῳ·
516 2246 596 2300 πόδας
608 2246 636 2298 δὲ
648 2244 765 2300 ἀσθενεῖς
777 2247 844 2315 ἔχων
856 2244 930 2300 οὗτος
947 2246 1035 2314 ἐφόρει
1052 2243 1158 2314 κορύνην
1171 2246 1286 2313 σιδηρᾶν,
1300 2242 1334 2299 δι’

184 2313 214 2382 ἧς
230 2316 290 2370 τούς
306 2314 445 2385 παριόντας
461 2317 563 2369 ἔκτεινε.
593 2313 686 2378 ταύτην
703 2315 865 2384 ἀφελόμενος
883 2315 984 2383 Θησεὺς
1001 2316 1101 2384 ἐφόρει.
1140 2318 1208 2371 Met.
1222 2316 1267 2370 vii.
1281 2317 1335 2385 436

190 2387 285 2441 Tellus
304 2387 471 2456 Epidauria
487 2390 543 2456 per
562 2390 588 2441 te
610 2387 791 2456 clauigirau
812 2387 888 2440 uidit
910 2386 1031 2440 Vulcani
1047 2388 1201 2441 occumbere
1214 2388 1332 2457 prolem.

186 2460 357 2512 Coronides
378 2468 405 2512 et
429 2460 560 2512 reddere
578 2460 680 2511 tritam
700 2456 820 2511 Ouidius
841 2455 969 2511 similiter
991 2456 1134 2511 coniunxit
1155 2460 1185 2511 F.
1207 2458 1241 2512 vi.
1263 2471 1335 2524 744-

90 2552 92 2556 ’
186 2540 201 2594 7
214 2528 391 2598 Hippolytus
402 2528 493 2581 lacero
504 2532 623 2598 corpore·
632 2531 735 2596 raptus
748 2533 817 2596 erat,
830 2528 1055 2596 Reddideratque
1069 2529 1194 2581 animaru
1211 2530 1334 2583 multum

185 2599 353 2667 indignante
376 2599 482 2652 Diana
509 2599 611 2668 Nulla,
635 2599 792 2667 Coronides,
816 2615 901 2652 causa
924 2599 1037 2665 doloris,
1062 2601 1112 2665 ait,
1132 2600 1265 2668 Namque
1283 2601 1336 2669 pio

185 2670 286 2722 iuueni
302 2671 394 2723 uitam
413 2671 474 2722 sine
492 2670 609 2723 uulnere
628 2670 750 2722 reddam.
794 2670 838 2722 An
860 2679 890 2723 ut
911 2667 967 2737 illic
987 2667 1052 2723 lusit
1072 2668 1101 2722 in
1123 2669 1228 2738 duplici
1248 2686 1335 2724 sensu

185 2740 321 2792 reddendi
330 2740 430 2807 uitam,
444 2737 485 2793 sic
497 2739 544 2793 hic
556 2740 585 2793 in
600 2740 737 2793 Coronide
748 2739 841 2793 allusit
854 2739 891 2792 ad
906 2739 1081 2808 Coryueteu?
1118 2740 1159 2793 Cf.
1172 2742 1225 2795 teli
1234 2757 1335 2810 genus,

190 2810 344 2880 Telegonus
358 2810 417 2878 567.
466 2821 468 2829 ’
517 2813 587 2866 407.
607 2813 691 2864 Sinis
703 2811 868 2880 plerumque
881 2808 957 2863 idem
970 2819 1012 2863 est
1026 2809 1073 2878 qui
1085 2811 1282 2878 Πιτυοκάμπτης
1294 2810 1336 2865 di-

187 2879 265 2949 citur,
279 2880 343 2934 uide
356 2894 426 2948 409:
445 2880 497 2934 sed
515 2881 548 2935 cf.
563 2882 694 2935 Eustath.
711 2881 759 2949 158
776 2881 810 2935 ὡς
826 2880 854 2933 δὲ
872 2881 913 2932 καὶ
925 2880 992 2934 Σίνις
1004 2881 1102 2934 Σίνιδος
1116 2877 1225 2949 ὕστερον
1236 2882 1337 2948 λῃστὴς

187 2950 247 3020 δίχα
259 2955 306 3004 τοῦ
317 2955 342 3016 τ,
351 2952 378 3004 αἱ
391 2951 503 3020 ἱστορίαι
516 2951 627 3018 δηλοῦσι
639 2950 807 3021 περιᾴδουσαι
820 2949 861 3002 καὶ
873 2950 958 3016 αὐτὸν,
966 2949 1030 3002 καθδ
1044 2951 1140 3003 καὶτὸν
1156 2950 1282 3017 Σκείρωνα
1295 2951 1336 3003 καὶ

185 3023 231 3075 τὸν
240 3022 438 3088 Πιτυοκάμπτην
450 3021 491 3074 καὶ
503 3022 548 3074 τὸν
561 3023 645 3075 Κάκον
657 3024 698 3076 καὶ
710 3022 755 3076 τὸν
763 3021 844 3081 Λίβυν
852 3018 968 3074 ’Δνταῖον
980 3021 1021 3073 καὶ
1032 3020 1092 3074 τοὺς
1103 3018 1243 3076 τοιούτους.
1267 3023 1335 3075 Eur.

188 3091 276 3161 Hipp.
290 3104 341 3160 977
355 3092 393 3146 Οὔ
405 3090 564 3160 μαρτυρίησει
576 3089 602 3159 μ’
608 3088 753 3158 Ἴσθμιος
765 3089 846 3145 Σίνις
857 3111 920 3144 ποτε
933 3092 1039 3144 Krousis
1051 3091 1149 3157 ἔαυτόν,
1162 3107 1235 3160 quae
1248 3092 1336 3146 uerba

187 3172 252 3216 sunt
264 3161 377 3231 Thesei.
393 3196 401 3211 ·
445 3166 554 3216 Seiron
566 3164 641 3231 Hyg.
651 3163 685 3230 38
695 3165 839 3216 Scirauem
852 3163 906 3231 qui
914 3161 955 3214 ad
964 3177 1042 3214 mare
1053 3161 1111 3214 loco
1122 3162 1244 3229 quodam
1251 3165 1336 3232 prae-

187 3237 273 3303 rupto
284 3233 393 3287 sedebat
404 3237 431 3286 et
441 3234 495 3303 qui
505 3235 560 3286 iter
566 3234 755 3303 gradiebatur
769 3232 879 3302 cogebat
895 3248 958 3284 eum
974 3232 1030 3284 sibi
1039 3232 1124 3301 perles
1139 3230 1240 3284 lauare
1255 3233 1337 3286 etita

187 3305 219 3357 iu
240 3320 318 3357 mare
334 3304 548 3373 praecipitabat,
567 3303 644 3357 liuue
665 3304 783 3358 Theseus
797 3304 870 3373 pari
885 3304 941 3357 leto
962 3302 993 3355 in
1013 3319 1091 3355 mare
1110 3303 1208 3355 deiecit
1226 3320 1263 3355 er
1281 3319 1337 3371 quo

188 3374 316 3428 Scironis
361 3379 423 3427 trae
434 3380 502 3427 sunt
512 3375 610 3428 dietae.
648 3375 718 3428 Plut.
733 3375 817 3427 Thes.
835 3388 874 3440 ιο,
889 3374 970 3426 Paus.
985 3371 1001 3426 i.
1015 3387 1057 3438 44.
1072 3373 1088 3426 8
1101 3372 1148 3442 qui
1165 3371 1245 3427 addit
1264 3374 1336 3427 haec

188 3446 293 3512 Χελόνη
335 3446 346 3496 ὲ
370 3443 510 3514 ύπενίηχετο
534 3447 590 3499 ταῖς
612 3443 717 3514 πέτραις
740 3444 800 3498 τοὺς
824 3442 999 3510 ἐσβληθέντας
1023 3443 1151 3511 ἁρπάζειν·
1182 3442 1234 3495 elai
1257 3443 1285 3496 δὲ
1310 3445 1337 3496 αἶ

188 3515 339 3580 θαλάσσιαι,
355 3514 423 3581 πλὴν
439 3512 562 3584 μεγέθους
579 3517 620 3568 καὶ
637 3515 731 3579 ποδῶν,
744 3513 828 3581 ὅμοιαι
846 3515 902 3568 ταῖς
919 3512 1061 3583 χερσαίαις,
1076 3512 1159 3567 πόδας
1176 3512 1204 3566 δὲ
1222 3512 1338 3569 ἐοικότας

189 3585 281 3654 ἔχουσι
302 3586 357 3640 ταῖς
377 3586 485 3654 φώκαις.
521 3602 593 3639 oum
616 3589 828 3650 Polypemone
852 3589 956 3637 natue.
993 3584 1161 3637 Procrusten
1187 3582 1336 3652 significat,

190 3654 327 3709 incertum
358 3671 443 3736 quem
473 3666 594 3710 secutus.
649 3659 726 3710 Nam
758 3654 913 3708 Pausanias
944 3653 961 3707 i.
993 3654 1034 3721 38.
1069 3665 1082 3722 5
1115 3655 1338 3723 Polypemonem

189 3726 312 3780 eundem
336 3726 422 3779 tuisse
447 3726 532 3780 tradit
557 3725 604 3796 qui
630 3728 793 3780 Procrustes
823 3723 1038 3793 cognominatus
1062 3723 1116 3778 sit:
1147 3725 1337 3793 Apollodorus

190 3795 227 3851 iii.
243 3796 282 3850 16.
297 3810 313 3849 2
326 3806 354 3850 et
372 3797 465 3850 Schol.
483 3796 599 3866 Hippoi.
613 3809 673 3865 977,
690 3797 911 3866 Polypemonem
929 3794 1052 3861 Sinidos,
1070 3795 1178 3849 Probus
1196 3795 1233 3849 ad
1252 3797 1338 3851 Geor.

190 3865 207 3921 i.
230 3881 290 3936 399,
313 3865 446 3934 Scironis,
471 3877 581 3936 patrem
605 3867 719 3922 faciunt.
765 3865 896 3934 Hyginus
918 3866 952 3933 38
978 3866 1200 3935 Polypemonem
1224 3865 1338 3934 omittit,

191 3938 360 3991 Procrusten
382 3936 470 3990 filium
492 3937 560 3992 tacit
581 3937 716 4007 Neptuni,
740 3937 907 3990 Plutarchus
929 3937 1014 3990 Thes.
1028 3935 1055 3989 xi
1079 3935 1220 3990 Procrusti
1240 3954 1339 3992 uerum

190 4023 294 4062 nomen
320 4007 467 4062 Damastis
490 4007 595 4063 tribuit.
645 4007 845 4089 Polypemonis
869 4017 967 4060 natum
993 4008 1162 4062 Procrusten
1187 4006 1338 4077 significari

190 4087 268 4148 patet
280 4096 315 4133 ex
329 4080 369 4132 M.
382 4077 428 4133 vii.
442 4078 494 4146 436
507 4096 567 4148 sqq.
582 4077 629 4132 ubi
644 4079 807 4147 Periphetes
824 4078 987 4131 Procrustes
1006 4079 1134 4146 Cercyon
1148 4077 1223 4132 Sinis
1239 4079 1339 4132 Sciron

190 4148 251 4219 pari
269 4148 356 4203 modo
375 4148 534 4217 iunguntur,
555 4150 623 4203 Her.
637 4148 664 4203 ii.
677 4149 721 4217 69,
734 4160 769 4214 7ο
786 4147 834 4202 ubi
854 4147 954 4201 Sciron
974 4149 1137 4202 Procrustes
1155 4148 1231 4202 Sinis
1246 4149 1339 4203 Mino-

190 4228 295 4273 taurus.
333 4221 452 4288 Legerat
470 4220 590 4274 fortasse
614 4218 830 4287 Πολυπημονίδαο
854 4216 1052 4287 Προκρούστεω.
1097 4218 1182 4272 Diod.
1205 4218 1240 4272 iv.
1262 4231 1301 4288 59.
1325 4231 1339 4286 5

192 4288 273 4344 Οὗτος
285 4289 344 4343 τοὺς
355 4289 493 4378 ηαριόντας
509 4290 660 4377 ὁδοιπόρους
675 4287 814 4376 φνάγκαζεν
825 4288 867 4341 ἐπί
883 4308 952 4377 τινος
964 4288 1052 4375 κλίνης
1066 4287 1223 4353 ἀναπίπτειν,
1237 4292 1341 4342 καὶτῶν

190 4361 237 4428 μὲν
257 4380 420 4428 μακροτερων
439 4360 471 4414 τὰ
491 4381 636 4450 προεχοντα
653 4381 716 4430 μερη
735 4363 781 4412 τοῦ
800 4360 919 4420 σώματος
936 4379 1070 4420 απεκοπτε,
1082 4363 1133 4412 τῶν
1151 4358 1179 4410 δὲ
1196 4358 1342 4438 ἐλαττόνων

182 4428 250 4485 ’τοὺς
267 4430 350 4484 πόδας
369 4428 531 4500 προέκρουεν·
558 4431 606 4500 αφ’
628 4429 707 4499 οὗπερ
726 4427 910 4497 Προκρούστης
929 4429 1077 4495 ὠνομάσθη.
1153 4431 1226 4482 408.
1246 4429 1341 4481 Mrno·

191 4509 287 4556 taurus
300 4502 383 4556 tauri
392 4502 638 4572 mi'irtaquesorma
650 4502 712 4556 uiri
723 4501 791 4555 Her.
802 4498 828 4553 ii.
840 4511 883 4568 70,
895 4500 967 4554 Isoc.
980 4500 1044 4554 Hel.
1058 4501 1177 4553 Encom.
1189 4512 1220 4566 31
1235 4496 1342 4569 φύσεως
