3038 5010
652 358 876 418 EXCVRSVS.
1281 361 1338 417 183

189 513 218 568 S.
235 511 273 567 iii.
291 528 316 581 3.
333 514 377 580 61,
394 528 409 566 2
429 514 586 584 Hermique
604 513 719 582 uadum,
738 525 793 583 qna
810 512 919 583 Lydius
936 514 1030 567 intrat
1047 512 1174 568 Bacchus
1191 519 1220 568 et
1235 519 1339 569 aurato

187 585 277 655 reficit
287 600 340 638 sua
352 601 458 638 cornua
470 585 538 638 lima
552 584 652 638 Hermi
665 585 770 638 flumen
783 600 849 638 cum
863 583 968 638 Bacchi
981 584 1057 638 cultu
1070 583 1223 639 coniunxit.

223 655 269 708 Ad
286 659 350 721 517,
364 658 430 709 518.
453 654 573 709 Faciunt
592 655 679 709 uerba
698 654 856 724 cupidine
875 654 988 709 mortis
1007 663 1037 708 ut
1055 654 1091 708 de
1108 653 1340 724 interpretatione

190 725 329 794 Leopardi
342 726 474 779 haeream
487 744 493 780 :
513 742 570 779 non
583 725 660 779 enim
673 725 743 779 mori
757 724 873 794 cupiens
887 725 938 779 sed
950 724 1044 794 potius
1057 733 1134 780 metu
1147 742 1183 779 ne
1196 725 1225 779 in
1238 743 1339 781 manus

188 795 343 850 Ptolemaei
353 795 462 850 ueniret
472 795 604 850 incendio
613 796 734 849 Biothea
742 795 833 864 perire
843 795 1004 850 destinauit.
1027 796 1109 849 Idem
1120 797 1239 851 suadent
1250 797 1338 852 uerba

188 882 369 927 succensae
385 883 495 934 pyrae,
508 866 594 921 etiam
610 866 730 920 fortasse
748 866 804 921 des
820 874 875 920 tua
890 866 1036 920 membra
1053 867 1248 921 cremanda:
1270 884 1338 921 nam

188 934 235 990 illa
251 952 351 1006 pyram
368 936 451 991 solito
468 953 547 990 more
560 947 695 991 structam
710 946 895 1006 paratamque
908 945 937 991 ut
951 936 1071 990 subditis
1084 937 1193 991 facibus
1206 937 1339 992 incende·

187 1016 271 1073 retur,
289 1007 360 1061 haec
382 1007 570 1061 uoluntariam
592 1024 724 1076 poenam,
742 1008 788 1060 uel
809 1006 959 1061 transitum
981 1007 1016 1060 de
1038 1006 1097 1061 uita
1118 1007 1279 1063 mortalium
1301 1010 1339 1064 ad

187 1075 376 1131 immortalem
390 1077 480 1147 qualis
495 1077 603 1133 Callani
616 1077 668 1132 fuit
680 1077 812 1131 uidentur
825 1077 993 1146 significare.
1031 1079 1106 1132 Sane
1118 1095 1177 1132 non
1189 1094 1254 1133 rara
1265 1080 1337 1133 haec

180 1163 264 1200 *mors
286 1147 359 1201 inter
380 1147 512 1218 antiquos
535 1148 594 1203 Cic.
616 1149 652 1203 de
675 1147 772 1202 Diuin.
792 1148 809 1202 i.
829 1162 871 1215 23·
892 1161 927 1215 47
953 1147 1140 1202 Armorum
1160 1151 1339 1219 profiaseens

189 1217 326 1272 Callanus
349 1218 441 1272 Indus
462 1236 526 1273 cum
550 1220 720 1273 inscenderet
742 1221 774 1272 in
798 1235 898 1288 rogum
925 1219 1068 1272 ardentem
1093 1219 1135 1272 ‘0
1154 1221 1338 1289 praeclarum

186 1288 346 1342 descessum'
355 1290 451 1358 inquit
462 1288 488 1343 ‘e
500 1291 570 1358 uita,
580 1306 643 1343 cum
655 1295 689 1360 ut
700 1289 822 1343 Herculi
832 1290 957 1359 contigit,
968 1290 1086 1343 mortali
1095 1294 1208 1358 corpore
1216 1295 1339 1344 cremato

186 1360 218 1411 in
231 1360 319 1412 lucem
332 1360 446 1413 animus
457 1361 618 1416 excesserit!
645 1362 730 1414 Tusc.
745 1359 827 1429 Disp.
842 1360 869 1413 ii.
880 1375 922 1413 22.
935 1373 976 1428 52.
1008 1361 1080 1414 Plut.
1093 1360 1174 1414 Alex.
1187 1359 1252 1414 lxvii
1264 1359 1295 1413 ‘0
1309 1361 1338 1414 δὲ

188 1430 322 1484 Καλλανὸς
334 1429 444 1483 ἐνταῦθα
459 1433 556 1500 χρόνον
567 1431 597 1484 οὔ
608 1431 693 1485 πολὺν
704 1430 754 1484 ὑπὸ
771 1431 869 1485 κοιλίας
880 1430 1028 1500 ἐνοχληθεὶς
1044 1427 1157 1498 ἦτῄσατο
1172 1432 1256 1501 πυρὰν
1268 1431 1337 1503 αὐτῷ

185 1499 317 1568 γενέσθαι.
353 1501 403 1554 Καὶ
419 1500 552 1567 κομισθεὶς
566 1498 636 1572 ἵππῳ
647 1501 712 1568 πρὸς
724 1499 810 1569 αὐτην,
823 1500 992 1570 ἐπευξάμενος
1004 1501 1044 1553 καί
1057 1502 1233 1556 κατασπείσας
1245 1502 1337 1556 ἑαυτοῦ

187 1569 228 1622 καί
239 1574 290 1623 τῶν
302 1575 398 1640 τριχῶν
409 1569 595 1640 ἀπαρξάμενος,
605 1571 747 1633 ἀναβαίνων
758 1571 888 1638 ἐδεξιοῦτο
901 1572 961 1628 τοὺς
971 1575 1100 1642 πορόντας
1111 1577 1162 1625 τῶν
1174 1572 1337 1640 Μακεδόνων,

186 1639 228 1692 καὶ
243 1641 383 1706 παρεκάλει
399 1640 444 1708 τὴν
456 1639 552 1711 ἡμέραν
563 1642 660 1710 ἐκείνην
671 1641 751 1709 ἡδέως
761 1641 883 1712 γενέσθαι
897 1645 938 1695 καὶ
952 1642 1110 1709 μεθυσθῆναι
1122 1644 1186 1710 μετὰ
1198 1647 1244 1696 τοῦ
1256 1645 1336 1705 βασι·

186 1709 260 1775 λέως,
272 1710 349 1764 αὐτὸν
362 1710 389 1764 δέ
403 1710 500 1765 ἐκεῖνον
516 1711 567 1782 ἐφη
584 1711 637 1782 μετ’
650 1712 741 1783 ὀλίγον
752 1716 847 1782 χρόνον
860 1713 887 1765 ἐν
899 1715 1034 1776 Βαβυλῶνι
1050 1711 1175 1782 ὄψεσθαι.
1211 1717 1296 1767 Ταῦτα
1313 1712 1336 1768 δ1

186 1780 263 1833 εἰπὼν
275 1781 435 1836 κατακλιθεὶς
446 1784 488 1836 καὶ
500 1783 737 1853 συγκαλυψάμενος
750 1785 794 1836 οὐκ
806 1781 907 1851 ἐκινήθη
920 1787 966 1836 τοῦ
978 1783 1058 1853 πυρδς
1068 1784 1266 1850 πλησιάζοντος,
1275 1782 1337 1838 ἀλλ’

186 1850 213 1903 ἐν
229 1846 251 1921 ᾦ
267 1852 400 1919 κατεκλίθη
418 1851 542 1922 σχήματι,
554 1857 632 1907 τοῦτο
648 1853 773 1922 διατηρῶν
789 1854 973 1922 ἐκαλλιέρησεν
991 1854 1081 1908 ἐαυτὸν
1098 1857 1134 1923 τῷ
1152 1855 1250 1923 πατρίῳ
1269 1858 1337 1927 νόμῳ

186 1926 237 1975 τῶν
257 1921 310 1975 ἐκεῖ
330 1925 478 1992 σοφιστῶν.
515 1923 625 1978 Similia
644 1924 746 1978 Strabo
766 1924 888 1993 715-716
909 1923 957 1978 ubi
979 1923 1048 1979 dicit
1068 1924 1216 1979 calianum
1235 1925 1338 2016 ἐξάγειν

186 1991 276 2044 ἑαυτὸν
294 1991 335 2045 διὰ
352 1994 441 2063 πυρός,
460 1992 572 2061 νήσαντα
588 1998 679 2064 πυράν,
698 1995 909 2064 ὑπαλειφόμενον
927 1994 955 2047 δέ
974 1997 1014 2048 καὶ
1033 1994 1199 2049 καθίσαντα
1217 1996 1266 2050 ἐπι
1283 1997 1336 2064 τὴν

185 2062 282 2130 πυρὰν
305 2061 429 2131 ὑφάψαι
454 2063 574 2119 κελεύειν.
629 2067 663 2118 In
688 2065 789 2134 quibus
814 2074 845 2119 ut
869 2064 977 2135 ὑφάψαι
1000 2066 1038 2119 ad
1062 2066 1180 2120 uerbum
1204 2066 1335 2148 exprimit

185 2148 336 2202 succensae,
358 2133 399 2187 sic
421 2150 494 2204 quae
515 2152 549 2189 ex
573 2137 761 2205 Megasthene
785 2135 905 2204 sumpsit
928 2136 1030 2190 Strabo
1051 2145 1198 2206 tamquam
1219 2137 1297 2192 dicta
1318 2155 1336 2192 a

187 2202 305 2257 Callano
318 2205 369 2270 718
388 2203 521 2259 άποθανῶν
540 2206 568 2259 δέ
585 2207 765 2272 ἀπαλλάξαιτο
782 2209 826 2274 τῆς
845 2206 1036 2276 τετρυχωμένης
1056 2207 1108 2260 ἀπὸ
1126 2206 1211 2277 γηρως
1230 2208 1335 2278 σαρκός,

109 2300 112 2306 -
185 2273 315 2341 μεταστὰς
331 2275 367 2329 εἷς
383 2275 478 2338 βελτίω
496 2278 536 2330 καὶ
552 2277 728 2346 καθαρώτερον
739 2277 798 2339 βίον
810 2277 880 2331 mire
893 2277 1064 2332 conueniunt
1077 2277 1111 2330 iis
1125 2293 1196 2348 quae
1210 2277 1239 2332 in
1254 2278 1335 2334 Ibide

186 2352 251 2397 sunt
270 2344 426 2413 cupidine
445 2347 567 2401 mortis.
607 2347 719 2401 Curtius
736 2348 773 2402 de
790 2348 869 2401 Indis
887 2347 1061 2418 sapientibus
1076 2347 1131 2402 viii.
1146 2363 1163 2418 9
1181 2350 1273 2415 Vinus,
1287 2350 1336 2417 ait,

184 2416 307 2466 cremari
322 2432 350 2469 se
366 2416 463 2470 iubent
479 2419 580 2487 quibus
595 2424 648 2471 aut
664 2420 757 2489 segnis
775 2425 852 2472 aetas
870 2425 922 2472 aut
938 2420 1113 2473 incommoda
1130 2420 1261 2474 ualitudo
1276 2426 1337 2475 est:

185 2488 355 2553 expectatam
373 2493 489 2541 mortem
502 2492 559 2558 pro
574 2489 700 2543 dedecore
714 2491 792 2543 uitae
807 2489 916 2557 nabent,
929 2506 978 2544 nec
993 2491 1072 2543 ullus
1083 2491 1251 2559 corporibus,
1264 2508 1336 2561 qnae

184 2560 308 2609 senectus
322 2556 416 2627 soluit,
433 2557 520 2612 honos
537 2560 673 2613 redditur.
713 2561 797 2613 Hanc
816 2569 936 2614 mortem
955 2560 1053 2614 habuit
1070 2560 1190 2629 Augusti
1207 2570 1335 2631 tempore

185 2625 305 2679 Athenis
322 2626 385 2696 ipso
403 2639 552 2698 praesente
570 2632 699 2697 Augusto
713 2629 792 2685 Ἰνδὸς
810 2630 943 2699 σοφιστὴς
960 2647 1045 2700 quem
1064 2632 1166 2685 Strabo
1184 2633 1334 2686 Zarmano·

185 2696 295 2764 chegan
314 2695 399 2767 (720),
417 2698 494 2753 Dion
515 2700 573 2768 (liv.
592 2705 619 2769 9)
639 2702 791 2755 Zarmaron
810 2710 902 2769 uocat,
921 2701 1001 2754 cuius
1020 2703 1149 2769 sepulcro
1168 2701 1334 2772 inscriptum

185 2774 228 2819 est
245 2768 444 2840 Ζαρμανοχηγας
457 2767 537 2825 Ἰνδὸς
553 2770 603 2823 άπὸ
621 2773 755 2839 Βαργάσης
772 2772 835 2823 κατὰ
851 2771 883 2824 τὰ
899 2771 993 2839 πάτρια
1006 2770 1092 2824 Ἰνδῶν
1106 2772 1151 2857 ἔθη
1167 2773 1257 2825 ἑαυτὸν
1268 2773 1334 2827 άπα-

184 2834 324 2892 θανατίσας
336 2841 422 2894 κεῖται.
461 2842 506 2894 De
519 2858 553 2895 eo
568 2840 645 2894 Dion
660 2841 728 2895 dicit
745 2841 907 2895 ἀποθανεῖν
921 2839 1071 2908 ἐθελήσας
1087 2841 1183 2910 ἐμυηθη
1195 2863 1224 2894 τε
1235 2843 1268 2895 τὰ
1281 2846 1336 2897 τοῖν

184 2904 255 2958 θεοῖν
267 2944 274 2960 .
288 2945 296 2961 .
308 2945 315 2961 .
328 2910 369 2962 καὶ
381 2909 443 2980 πυρί
455 2912 545 2965 ἐαυτὸν
557 2913 651 2977 ζῶντα
665 2910 819 2977 ἐξέδωκεν.

211 2976 317 3056 ⁸Etiam
333 2995 367 3032 ex
384 2980 498 3035 athletis
516 2991 774 3036 commemorantur
786 2980 833 3063 qui
849 2983 925 3036 hunc
938 2981 1043 3036 exitum
1060 2981 1236 3036 habuerunt:
1256 2984 1333 3038 uelut

183 3047 351 3126 :Timanthes
370 3050 416 3105 ille
437 3053 593 3107 Cleonaeus
613 3070 658 3121 ap.
680 3053 847 3106 Paus.v1.8
867 3069 929 3106 curn
950 3052 1099 3106 deficiente
1117 3052 1218 3106 robore
1236 3070 1333 3107 arcum

183 3117 329 3173 intendere
350 3137 408 3174 non
430 3120 487 3176 iam
509 3133 615 3192 posset,
635 3123 663 3176 in
682 3124 829 3177 ardentem
848 3139 947 3191 pyram
966 3122 1047 3176 uiuus
1067 3139 1097 3176 se
1116 3122 1230 3177 iniecit:
1256 3125 1332 3192 quod

182 3187 291 3242 facinus
316 3207 381 3245 cum
406 3193 506 3247 ceteris
531 3193 658 3248 eiusdem
683 3193 760 3247 modi
786 3195 831 3247 uel
855 3203 921 3247 ante
946 3192 1030 3247 editis
1054 3193 1099 3246 uei
1124 3203 1188 3263 post
1213 3193 1332 3248 edendis

183 3258 319 3327 exemplis
338 3260 465 3317 insaniae
483 3274 602 3332 partem,
621 3281 678 3317 non
697 3263 808 3317 uirtutis
828 3263 984 3317 Pausanias
1002 3263 1108 3317 habuit.

220 3329 293 3382 lllud
306 3347 374 3386 sane
387 3332 488 3387 mirum
502 3335 538 3389 de
551 3334 595 3388 his
611 3334 699 3388 Ibidis
712 3333 840 3388 uersibus
854 3335 930 3403 quod
948 3334 1005 3388 iam
1018 3333 1144 3387 Alciatus
1158 3334 1331 3402 obseruarat,

182 3414 240 3450 non
270 3401 353 3469 longe
378 3403 479 3458 abesse
503 3421 607 3458 nomen
633 3406 716 3474 quale
746 3404 775 3458 in
806 3404 951 3458 codicibus
982 3404 1122 3459 inuenitur
1146 3405 1279 3458 Broteam
1305 3407 1331 3460 G

181 3468 275 3522 brotea
297 3473 321 3523 T
345 3472 487 3528 bratteam
511 3475 547 3530 de
570 3477 653 3529 Mure
671 3475 812 3545 protlean
834 3477 893 3529 Pal.
918 3489 985 3542 1709
1009 3492 1026 3528 a
1050 3474 1165 3529 nomine
1190 3474 1238 3527 illo
1262 3475 1331 3529 satis

182 3539 285 3593 celebri
305 3543 447 3612 Peregrini
468 3545 561 3599 Protei
580 3546 616 3600 de
635 3563 691 3616 quo
710 3547 781 3600 haec
803 3545 831 3598 in
858 3546 962 3599 Euseb.
978 3545 1080 3599 Chron.
1105 3546 1148 3598 Ol.
1170 3545 1293 3600 ccxxxvi.
1310 3561 1332 3614 1,

186 3609 233 3674 167
247 3623 275 3665 A.
286 3623 315 3665 D.
335 3623 431 3668 extant
449 3616 531 3684 apud
545 3617 629 3669 Pisas
646 3618 820 3686 Peregrinus
831 3616 962 3686 filonisus
979 3631 1047 3685 rogo
1065 3616 1142 3696 qnod
1159 3615 1280 3685 (lquem)
1297 3634 1335 3670 ex

182 3679 270 3750 lignn
281 3687 464 3753 conposuerat
475 3687 585 3740 incenso
597 3693 681 3741 semet
691 3688 848 3756 superiacit.
886 3688 932 3740 De
945 3685 1027 3740 huius
1044 3685 1096 3739 uiri
1115 3696 1206 3740 morte
1219 3686 1331 3756 scripsit

183 3750 323 3806 Lucianus
336 3753 461 3809 libellum
479 3756 650 3825 singularem
668 3758 732 3823 Περὶ
751 3759 796 3824 τῆς
811 3757 968 3826 Περεγρίνου
984 3759 1113 3823 τελευτῆς,
1130 3757 1159 3809 in
1173 3773 1228 3827 quo
1241 3757 1331 3826 philo·

182 3822 303 3902 sophum
321 3841 375 3878 nec
394 3826 486 3880 Gellio
506 3826 572 3896 (viii.
588 3842 612 3895 3,
625 3827 671 3880 xii.
688 3826 729 3895 11)
750 3836 942 3897 contemptum
961 3844 1014 3881 nec
1033 3826 1186 3882 Ammiano
1206 3827 1287 3898 (xxix
1306 3827 1331 3898 ι)

181 3906 258 3970 omni
284 3896 454 3951 contumelia
478 3897 632 3952 insectatus
657 3908 708 3952 est.
748 3897 869 3966 Cynicus
899 3897 957 3965 fuit,
983 3897 1058 3952 unde
1083 3900 1097 3950 ὁ
1122 3897 1188 3951 κύων
1211 3900 1332 3966 Πρωτεὺς

181 3960 273 4016 dictus
289 3973 332 4018 est
348 3967 519 4022 Philostrato
532 3967 599 4037 (Vit.
615 3968 738 4037 Sophist.
752 3967 778 4022 ii.
796 3968 838 4036 13)
852 3969 931 4022 cuius
948 3969 1020 4023 haec
1037 3977 1102 4022 sunt
1120 3965 1270 4023 uerba’Hr
1284 3970 1332 4037 μὲν

180 4032 231 4102 γὰρ
249 4039 301 4086 τῶν
318 4034 383 4089 οὕτω
402 4036 552 4107 θαῤῥαλέως
569 4037 790 4108 φιλοσοφούντων
808 4042 822 4091 ὁ
841 4039 961 4107 Πρωτεὺς
980 4038 1062 4104 οὗτος,
1081 4040 1115 4094 ῶς
1132 4040 1160 4094 ἐς
1177 4044 1228 4108 πῦρ
1241 4041 1332 4093 ἑαυτὸν

108 4118 113 4126 ‘
180 4102 210 4154 ἐν
226 4101 355 4174 Ὀλυμπίᾳ
372 4105 471 4176 ῥίψαις
494 4108 595 4178 quibus
614 4109 689 4163 adde
709 4109 787 4164 Tert.
807 4110 844 4163 ad
865 4112 948 4164 Mart.
962 4124 989 4175 4.
1008 4127 1034 4179 p.
1045 4111 1096 4178 625
1119 4110 1218 4179 Migne
1237 4111 1331 4164 Hera-

179 4173 272 4242 clitus,
281 4178 368 4244 qm'se
376 4177 475 4231 bubulo
487 4185 604 4233 stercore
616 4181 732 4233 oblitum
744 4181 860 4247 excessit,
872 4182 938 4234 item
949 4180 1136 4251 Empedocles,
1150 4182 1203 4250 qni
1212 4182 1243 4234 in
1252 4181 1332 4250 ignes

180 4244 304 4298 Aetnaei
314 4250 418 4301 montis
426 4249 564 4304 dissilinit
575 4250 603 4317 (l.
611 4250 768 4319 desilim't);
785 4257 812 4304 et
823 4252 1004 4320 Peregrinus,
1015 4252 1067 4320 qui
1077 4267 1133 4303 non
1143 4251 1210 4304 olim
1223 4267 1251 4302 se
1263 4265 1331 4319 rogo

180 4316 307 4395 immisit,
320 4334 383 4371 cnm
386 4319 515 4388 femmae
527 4337 635 4390 quoqne
646 4323 862 4391 contempserint
870 4323 958 4390 ignes.
995 4322 1042 4374 Ad
1058 4321 1133 4374 hunc
1148 4318 1330 4387 Peregrinum

180 4401 241 4439 srue
261 4388 363 4442 Protea
375 4388 502 4444 Alciatus
519 4392 606 4446 uerba
623 4390 712 4445 Ibidis
732 4391 833 4458 retulit,
847 4390 988 4445 distichon
1007 4401 1083 4444 ratus
1101 4398 1166 4460 post
1186 4388 1328 4457 Peregrini

181 4466 301 4511 mortem
326 4458 443 4514 carmini
469 4460 586 4515 inlatum
611 4479 682 4516 esse.
721 4461 778 4516 Sed
805 4461 971 4529 Peregrinus
996 4460 1042 4516 ille
1064 4457 1193 4530 quamuis
1216 4468 1331 4528 propter
