3038 5010
624 401 949 462 PROLEGOMENA.
1136 351 1141 359 =
1295 402 1362 462 xlvii
1411 401 1416 409 '

216 558 344 620 adiuncti
379 552 462 632 sunt3
504 559 628 635 denique
661 569 728 635 post
762 560 940 636 Elpenorem
974 561 1065 619 nimio
1098 560 1169 619 uino
1204 560 1356 637 delapsum

217 643 351 720 Dryopes
370 653 399 702 et
415 643 512 702 Cacus
533 659 601 700 cum
621 640 713 699 Licha
731 643 837 717 pariter
855 645 892 700 ab
908 641 1036 702 Hercule
1050 642 1136 712 caesi,
1152 644 1286 718 quamuis
1301 643 1357 702 alia

216 733 318 794 morte,
333 724 412 782 inlati
427 733 500 782 sunt

258 804 401 864 Notabilis
416 814 459 863 est
473 806 503 862 in
518 802 663 863 Ouidiana
676 803 759 868 Ibide
777 805 821 863 bis
840 814 920 863 terue
939 805 1061 882 repetita
1075 804 1112 863 de
1126 804 1237 864 eisdem
1253 804 1359 877 fabula,

215 904 311 963 neque
326 905 361 945 ea
375 885 552 945 Scholiastas
566 884 673 943 fefellit.
704 886 768 946 Nec
783 886 940 982 quicquam
954 888 1059 946 totiens
1073 886 1255 944 elaborarunt
1271 906 1360 964 quam

216 977 247 1027 ut
268 969 453 1044 repetitorum
472 967 625 1025 nominum
643 967 769 1026 rationes
787 967 955 1027 inuenirent.
1000 966 1078 1025 Nam
1097 969 1141 1026 bis
1160 966 1273 1027 induxit
1289 968 1359 1027 Pro·

215 1049 365 1107 metheum
378 1046 460 1126 (291
477 1046 561 1125 543);
585 1048 629 1106 bis
649 1046 818 1124 Lycaonem
833 1046 913 1126 (327
932 1047 1016 1127 43r):
1041 1050 1085 1108 bis
1104 1047 1259 1118 Limonen
1274 1047 1360 1129 (337)

180 1135 193 1143 ’
215 1131 264 1187 ubi
286 1129 406 1189 adulteri
427 1147 563 1224 poenam·
570 1138 674 1199 narrat,
689 1128 775 1209 (459)
792 1130 862 1188 ubi'
855 1131 946 1206 1psius
960 1129 1117 1190 Limones:
1140 1131 1184 1188 bis
1200 1095 1359 1189 Herculem

216 1209 346 1271 Ores
336 1221 393 1280 en
414 1212 478 1269 ob'
471 1210 614 1268 insaniam
633 1207 760 1288 (347,8
749 1209 898 1286 mortes
913 1209 1262 1289 (605527),b1sAt1n
1277 1210 1358 1291 (455

217 1305 273 1366 507
258 1293 297 1367 7),
309 1293 485 1368 Astyanacta
501 1294 582 1366 (496,
596 1289 676 1368 564),
691 1257 811 1350 Adonin
825 1291 907 1371 (503,
925 1291 1009 1371 565);
1033 1304 1076 1350 ter
1090 1292 1224 1368 Vlysserr,
1240 1304 1359 1369 propter

215 1373 397 1448 naufragium
412 1372 507 1452 (277),
522 1382 647 1431 mortem
667 1391 703 1430 ex
718 1373 873 1449 Telegono
889 1372 983 1452 (567),
998 1372 1158 1449 perieulum
1174 1391 1210 1432 ex
1225 1372 1359 1450 Euryclia

231 1453 319 1532 623);
345 1456 389 1512 bis
410 1453 558 1513 Danaides
579 1453 661 1533 (177,
678 1454 759 1532 356),
781 1455 824 1513 bis
847 1454 986 1514 Canacen
1007 1454 1089 1529 (357,
1106 1456 1189 1528 562),
1210 1453 1358 1529 Myrrham

231 1537 298 1609 360,
315 1533 395 1613 566),
409 1534 622 1611 Polyphemum
638 1533 719 1614 (269,
736 1533 816 1613 387),
832 1536 879 1595 hic
893 1536 1004 1611 Vlyssis
1024 1536 1121 1594 socios
1144 1535 1358 1606 comedentem,

216 1616 271 1675 illic
304 1619 342 1676 ab
369 1616 473 1692 Vlysse
505 1625 699 1675 excaecatum.
750 1616 863 1676 Rursus
886 1628 953 1694 post
976 1626 1238 1676 commemoratum
1264 1616 1359 1694 Tydei

215 1697 326 1757 facinus
342 1695 435 1775 (428),
457 1696 669 1774 Menalippum,
689 1699 719 1755 in
739 1716 827 1774 quern
846 1699 893 1757 hic
912 1699 1022 1768 saeuiit‚
1041 1697 1154 1756 induxit
1169 1695 1269 1775 (515);
1290 1708 1359 1774 post

217 1779 445 1855 Polymestorem
466 1781 503 1837 ab
523 1778 648 1838 Hecuba
667 1779 776 1838 lumine
798 1781 932 1838 orbatum
954 1777 1048 1858 (267),
1069 1777 1248 1855 Polydorum
1270 1797 1358 1855 quern

215 1859 262 1918 hic
286 1861 428 1919 interfecit
449 1858 547 1938 (579);
577 1870 645 1936 post
665 1860 818 1919 Atalantae
839 1859 1060 1940 procos.(371),
1081 1860 1176 1936 ipsam
1200 1859 1358 1918 Atalanten

215 1942 246 1998 in
259 1941 376 2000 leonem
390 1960 562 2000 conuersam
573 1940 669 2020 (457);
692 1951 759 2020 post
772 1942 936 2017 Eurydicen
951 1949 1047 2019 angue
1061 1944 1249 2018 absumptam
1260 1938 1357 2020 (482),

216 2022 336 2098 Orphea
350 2042 367 2081 a
382 2022 552 2100 Strymoniis
567 2024 706 2082 matribus
720 2023 889 2082 dilaniatum
904 2021 998 2103 (600).

258 2105 316 2163 llic
331 2105 498 2164 subicienda
511 2115 555 2164 est
568 2105 704 2163 mortium
718 2104 806 2163 series
821 2105 925 2181 quibus
939 2106 1051 2182 singuli
1061 2105 1219 2180 perierunt.

257 2183 322 2264 (30)
344 2186 458 2261 Lapsus
472 2204 508 2245 ex
523 2203 601 2261 equo
614 2204 667 2260 per
681 2203 785 2244 aerem.
828 2186 1023 2264 Bellerophon
1039 2183 1124 2265 (257,
1139 2186 1179 2267 8)

257 2266 322 2345 (36)
343 2266 413 2326 Cast
402 2268 494 2325 trati0.
536 2265 698 2345 Vranus(2
703 2266 761 2360 73)

257 2345 321 2426 (32)
343 2347 499 2408 Distractlo
504 2367 576 2425 per
598 2366 691 2423 equos
718 2349 748 2405 in
772 2348 925 2407 diuersum.
968 2347 1088 2407 Mettius
1116 2348 1255 2411 Suffetius
1280 2350 1361 2431 (279,

381 2433 460 2488 280.

257 2510 321 2591 (33)
343 2427 487 2670 Tprmlent
488 2529 538 2570 um
573 2530 610 2570 ex
645 2512 762 2570 resectis
794 2510 938 2587 palpebris
967 2521 996 2570 et
1022 2511 1177 2571 insomnia.
1230 2512 1362 2588 Regulus
1417 2581 1421 2586 .

392 2595 445 2650 281

256 2670 321 2749 (34)
342 2673 390 2732 Ad
405 2590 572 2732 arals'tf
482 2675 525 2732 int
526 2693 557 2732 er
558 2673 652 2733 fectio.
694 2674 825 2733 Priamus
839 2672 936 2752 (284)
978 2672 1026 2731 Ad
1047 2691 1111 2732 aras
1132 2675 1219 2734 etiam
1237 2675 1267 2734 hi
1285 2676 1363 2751 peri-

377 2764 469 2827 erunt,
491 2754 630 2815 Theodot
620 2766 665 2814 tus
680 2753 765 2834 (466)
788 2765 816 2814 et
834 2754 973 2813 Aethalos
989 2752 1087 2834 (622);
1111 2755 1163 2814 sed
1184 2756 1232 2816 ille
1254 2758 1363 2815 sacrifi-

378 2846 425 2894 cat
425 2854 468 2908 uc,
483 2837 538 2907 hic,
553 2847 584 2895 ut
599 2838 720 2907 uidetur,
734 2837 798 2895 telis
813 2837 939 2894 obrutus.

256 2914 322 2994 (35)
343 2916 426 2976 Mors
441 2935 477 2976 ex
492 2918 584 2976 calida
598 2936 682 2994 aqua.
724 2917 824 2976 Minos
839 2914 933 2995 (289).

256 2996 321 3077 (36)
342 2997 470 3057 Exitium
485 3017 521 3057 ex
534 3002 665 3056 παιδικοῖς.
708 2998 857 3075 Philippus
871 2998 917 3057 uel
932 2995 1092 3056 Archelaus
1107 2996 1201 3077 (297).

257 3078 321 3158 (37)
344 3079 379 3138 ln
406 3090 526 3156 puteum
554 3081 707 3139 coniectio.
755 3081 894 3140 Acerrani
921 3075 1015 3158 (389).
1067 3078 1182 3138 Eadem
1211 3089 1261 3139 aut
1282 3090 1361 3140 certe
1452 3118 1453 3125 .

379 3162 478 3220 similis
492 3179 572 3220 mors
587 3161 706 3219 Milonis
720 3159 802 3240 (325,
819 3159 859 3239 6).

257 3239 321 3321 (38)
343 3241 413 3301 Post
426 3242 547 3300 uulnera
560 3244 673 3318 ingesta
686 3242 776 3302 humo
793 3243 946 3318 sepultura.
989 3238 1194 3301 Cassandreus
1209 3237 1304 3322 (466).

257 3321 322 3401 (39)
344 3323 506 3400 Lapidatio
548 3323 657 3383 Deuoti
670 3323 854 3382 Abderitanis
868 3320 963 3402 (468).

256 3402 322 3482 (40)
344 3403 442 3474 Ruina
455 3405 569 3464 domus.
613 3404 724 3481 Scopas
739 3403 833 3483 (562).

230 3485 240 3499 “
270 3504 305 3558 46
343 3485 502 3544 Cerebrum
516 3495 677 3545 exsuctum.
720 3486 907 3562 Menalippus
922 3482 1019 3564 (515).

270 3586 306 3639 42
342 3566 379 3624 In
393 3584 483 3626 cauea
496 3567 626 3626 inclusio.
669 3566 861 3627 Callisthenes
876 3565 969 3646 (569).

257 3645 321 3726 (43)
343 3648 427 3707 Mors
441 3667 477 3706 ex
492 3649 586 3724 prima
600 3657 669 3707 noct
670 3667 686 3706 e
701 3649 836 3724 coniugii.
879 3648 1000 3737 Eupolis
1014 3666 1081 3706 cum
1102 3666 1193 3707 uxore
1209 3643 1303 3729 (529).

195 3766 201 3773 -
256 3728 320 3809 (44)
343 3727 430 3788 Oculi
444 3730 547 3805 apibus
561 3729 676 3787 confixi.
719 3728 777 3787 Vat
767 3739 809 3788 tes
824 3714 959 3788 Achaeus
975 3731 1071 3804 (546).

224 3816 226 3820 “
257 3811 288 3888 (4
343 3809 428 3868 Pellis
443 3810 589 3870 detractio.
632 3810 765 3885 Marsyas
780 3808 875 3888 (551).

256 3890 287 3969 (4
291 3891 379 3949 6In
392 3891 477 3949 melle
491 3891 660 3950 submersio.
703 3890 831 3949 Glaucus
846 3888 940 3971 (558)

272 4053 380 4126 481n
394 4055 531 4111 mortario
546 4054 688 4112 contusio.
730 4053 922 4112 Anaxarchus
937 4049 968 4131 (5
973 4051 1030 4131 72)

343 4135 423 4193 lctus
437 4134 517 4193 disci
559 4134 741 4229 Hyacinthus
758 4137 854 4208 (588).

291 3809 321 3889 5)

270 3893 322 4051 66)
342 3972 434 4030 Piscis
447 3972 571 4030 aculeus.
615 3971 734 4066 Vlysses
750 3974 845 4046 (568).

272 4052 321 4215 tl

270 4216 321 4295 50)

257 4133 378 4274 (40111
392 4217 525 4275 arborem
541 4217 727 4291 compressio
770 4215 843 4274 Milo
859 4215 1010 4275 Crotoniat
999 4225 1028 4273 ta
1043 4136 1138 4295 (609).

270 4312 304 4371 56
342 4296 378 4355 ln
392 4296 464 4355 aede
479 4297 615 4355 occlusio.
657 4296 816 4355 Pausanias
830 4294 923 4376 (666).

257 4296 321 4455 (52)
343 4377 459 4454 Corpus
474 4378 714 4436 semicrematum.
757 4378 923 4437 Alcibiades
937 4375 1031 4456 (633).

257 4460 407 4518 Praeterea
434 4459 541 4517 multos
568 4459 682 4518 induxit
709 4460 872 4534 separatim,
899 4460 948 4534 qui
976 4459 1006 4516 in
1034 4459 1131 4536 aliquo
1154 4475 1261 4533 genere
1290 4472 1357 4514 cum
