3038 5010
232 335 289 436 142
633 375 979 435 commnmmvs.

230 538 364 605 Steropes
372 533 525 589 Atlantidis
534 531 599 602 filio,
608 531 687 586 cuius
697 532 798 586 domus
808 532 924 586 fulmine
932 531 1009 602 arsit,
1017 533 1093 588 unde
1102 532 1233 588 Ceraunii
1246 533 1322 588 Iouis
1331 552 1382 591 ara

230 607 259 662 in
271 606 404 675 Olympia
417 605 493 659 dicta
506 615 548 659 est
560 606 643 657 Paus.
652 622 676 656 v.
690 617 729 669 14.
740 616 755 669 7
766 601 904 670 (Alciatus
917 604 933 657 Ι.
943 602 987 671 c.).
1047 606 1116 660 412.
1137 609 1192 668 qui
1204 609 1286 659 male
1297 611 1382 661 rexit

230 694 326 743 equos
346 677 502 731 Phaethon.
517 675 587 729 Plat.
600 673 673 727 Tim.
688 689 721 726 22
735 673 784 729 ‘Os
799 696 861 727 ποτε
874 674 978 728 Φαέθων
990 671 1082 727 Ἠλίου
1100 678 1160 729 παῖς
1173 677 1203 728 τὸ
1221 680 1267 729 τοῦ
1285 680 1383 748 πατρὸς

229 750 297 819 ἅρμα
311 746 400 813 ζεύξας
412 747 454 799 διὰ
465 748 495 799 τὸ
507 745 541 814 μὴ
557 746 662 799 δυνατὸς
679 740 742 797 εἶναι
759 745 822 798 κατὰ
837 743 883 811 τὴν
894 748 941 798 τοῦ
952 746 1049 811 πατρὸς
1060 745 1121 798 ὁδὸν
1133 744 1249 799 ἐλαύνειν
1259 749 1292 800 τά
1304 744 1326 801 τ’
1338 748 1383 802 ἐπὶ

229 822 276 888 γῆς
288 818 427 885 ξυνέκαυσε
440 816 567 870 καὶ“αύτὸς
579 814 744 884 κεραυνωθεὶς
757 815 891 884 διεφθάρη.
955 818 1024 871 4¹13.
1043 818 1190 877 Aeolides
1204 818 1380 873 Salmoneus.

232 893 308 958 Hyg.
321 889 352 943 61
368 888 536 942 Salmoneus
553 887 640 941 Aeoli
645 887 730 956 filius
748 885 867 956 Sisyphi
873 887 974 956 frater
987 903 1050 941 cum
1067 889 1195 940 tonitrua
1213 893 1241 942 et
1247 888 1382 956 fulmina

230 962 396 1014 imitaretur
405 961 492 1027 louis,
506 958 601 1012 sedens
614 958 784 1026 quadrigam
792 957 873 1026 foces
885 958 1013 1011 ardentes
1023 959 1055 1010 in
1067 959 1208 1027 populum
1221 960 1344 1013 mitteret
1355 965 1384 1014 et

230 1034 312 1099 ciues,
325 1031 357 1084 ob
369 1031 403 1084 id
411 1048 430 1082 a
442 1030 509 1082 Ioue
512 1029 640 1099 fulmine
651 1032 693 1080 est
703 1030 783 1082 tatus.
820 1029 891 1082 Aen.
901 1027 937 1081 vi.
948 1029 1076 1096 585-594,
1090 1029 1153 1082 Val.
1166 1029 1208 1083 Fl.
1220 1028 1237 1084 i.
1247 1029 1382 1098 662-665.

231 1105 384 1167 sanguine
408 1106 504 1155 natus
527 1103 635 1153 eodem
659 1098 771 1152 uidetur
791 1115 855 1152 esse
877 1115 948 1152 unus
968 1116 1002 1152 ex
1021 1097 1085 1152 filiis
1107 1099 1255 1168 Lycaonis,
1275 1100 1319 1154 cui
1338 1101 1381 1155 ἐπὶ

230 1177 266 1243 τῷ
279 1173 346 1241 γένει
359 1172 433 1225 urium
446 1171 482 1241 τῷ
494 1170 584 1240 ἄρσενι
596 1169 710 1239 θυγάτηρ
722 1168 824 1237 ἐγένετο
837 1170 979 1223 Καλλιστώ
994 1168 1087 1250 (Faus.
1101 1168 1158 1224 viii.
1171 1184 1196 1238 3.
1209 1169 1247 1238 6),
1260 1170 1381 1225 fortasse

231 1243 255 1297 is
275 1241 322 1313 qui
340 1252 408 1296 natu
425 1240 564 1294 maximus
581 1249 649 1305 erat,
663 1239 831 1294 Maenalus:
858 1239 941 1293 huius
960 1255 1035 1293 enim
1054 1239 1172 1293 consilio
1186 1241 1327 1310 (Apollod
1342 1241 1381 1296 iii.

231 1316 257 1369 8.
275 1330 295 1382 1,
310 1316 399 1368 Tzetz.
414 1313 480 1380 Lyc.
492 1311 556 1380 481)
578 1312 691 1379 Lycaon
711 1320 738 1364 et
753 1309 802 1362 filii
819 1311 914 1363 Iouem
932 1316 1040 1364 tentare
1055 1311 1183 1365 uolentes
1197 1312 1300 1365 deusne
1313 1317 1384 1366 esset

230 1401 343 1440 carnem
367 1383 522 1436 numanam
545 1399 609 1436 cum
632 1386 722 1434 cetera
744 1397 828 1434 carne
848 1382 1081 1435 commiscuerunt
1099 1382 1182 1451 idque
1203 1383 1235 1435 in
1254 1383 1337 1452 epodo
1356 1384 1384 1436 ei

230 1459 430 1525 apposuerunt.
460 1455 513 1522 qui
518 1456 670 1522 postquam
682 1453 770 1504 sensit
784 1453 878 1505 iratus
896 1468 1019 1504 mensam
1032 1454 1141 1518 euertit,
1153 1452 1292 1521 Lycaonis
1299 1454 1382 1523 filios

222 1527 351 1598 fulmine
359 1525 478 1579 necauit.
505 1540 535 1576 eo
545 1524 602 1576 loco
609 1526 708 1592 postea
716 1523 743 1575 Α
747 1538 809 1575 reas
816 1522 950 1591 oppedum
960 1523 1145 1576 communiuit
1151 1523 1229 1591 quod
1237 1525 1383 1593 Τραπεζοῦς

231 1599 404 1651 nominatur.
426 1597 502 1663 Hyg.
519 1593 576 1659 176.
614 1592 723 1672 Quibus
736 1610 770 1646 ex
782 1592 876 1646 uerbis
891 1591 998 1661 Hygini
1011 1603 1128 1661 apparet
1145 1609 1194 1646 cur
1205 1603 1291 1662 poeta
1303 1610 1381 1648 men·

231 1667 338 1723 tionem
362 1664 494 1720 Callistus
514 1663 654 1717 iniecent:
684 1663 801 1717 Callisto
822 1662 899 1717 enim
918 1671 1009 1716 mater
1026 1662 1155 1731 Arcadis,
1175 1663 1222 1733 qui
1244 1664 1381 1733 oppidum

231 1739 409 1806 Trapezunta
421 1735 450 1788 in
459 1743 673 1788 monumentum
683 1733 751 1788 auiti
761 1733 893 1787 facinoris
906 1733 1048 1787 exstruxit.
1076 1733 1149 1787 Vide
1160 1743 1256 1788 tamen
1267 1735 1383 1789 Scholia

231 1818 260 1863 et
273 1824 346 1877 quae
358 1806 397 1860 ibi
410 1805 554 1860 adnotaui.
627 1807 697 1859 414.
714 1807 844 1869 liquidis
856 1821 935 1868 quae
946 1809 1032 1858 earet
1043 1807 1156 1858 Arctos
1168 1809 1267 1868 aquis.
1305 1806 1383 1874 Hyg.

234 1891 283 1946 177
298 1877 415 1932 Callisto
426 1877 564 1943 Lycaonis
573 1877 643 1946 fllia
661 1892 730 1929 ursa
747 1876 856 1929 dicitur
862 1876 947 1944 sacta
963 1891 1020 1928 esse
1037 1876 1069 1929 ob
1084 1876 1159 1928 iram
1172 1876 1292 1929 Iunonis
1307 1876 1386 1946 quod

231 1967 294 2004 cum
312 1950 380 2001 Ioue
397 1947 550 2002 concubuit.
586 1947 687 1999 Postea
705 1948 784 2000 Jouc's
801 1947 832 1999 in
849 1947 997 2000 stellarum
1015 1962 1164 1998 numerum
1182 1947 1290 2013 retulit,
1310 1963 1384 2015 quae

232 2020 392 2089 Septentrio
416 2018 587 2088 appellatur,
612 2018 690 2086 quod
711 2018 826 2086 sr'gnum
849 2017 908 2070 loco
931 2033 987 2069 non
1012 2022 1143 2070 mouetur
1164 2033 1252 2085 neque
1275 2018 1381 2072 occidit.

236 2089 337 2158 Tethys
359 2089 434 2142 enim
461 2089 565 2142 Oceani
586 2103 662 2140 uror
683 2089 787 2141 nutrix
808 2088 929 2141 Iunonis
947 2087 1078 2156 prohibet
1099 2104 1160 2140 eam
1185 2089 1216 2140 in
1241 2087 1382 2142 Oceanum

232 2161 359 2214 occidere.
443 2160 512 2223 415,
525 2161 551 2211 6.
572 2156 701 2211 Historia
722 2157 827 2227 ignota,
848 2174 901 2212 nec
923 2159 1042 2211 multum
1063 2166 1180 2226 prosunt
1202 2157 1382 2226 scholiastae,

232 2229 362 2300 quamuis
388 2227 565 2282 Nicandrum
589 2226 781 2296 testificentur,
802 2228 834 2282 fr.
859 2228 907 2281 116
932 2227 976 2282 ed.
1000 2229 1035 2282 O.
1058 2227 1220 2282 Schneider.
1269 2229 1332 2282 Hos
1357 2228 1381 2282 si

232 2300 384 2370 sequimur,
405 2299 443 2352 ad
465 2297 616 2352 Telchinas
641 2297 713 2351 redit
737 2298 880 2352 narratio:
908 2299 959 2352 sed
984 2297 1054 2352 nihil
1076 2298 1111 2352 de
1137 2299 1287 2353 Macelone
1313 2298 1382 2353 dicit

234 2369 392 2424 Lobeckius
414 2368 442 2422 in
464 2368 498 2422 iis
518 2385 590 2438 quae
609 2367 645 2421 de
664 2368 846 2422 Telchinibus
868 2368 979 2437 scripsit
997 2369 1137 2438 Aglaoph.
1155 2385 1201 2437 pp.
1224 2370 1288 2422 1181
1310 2386 1382 2439 sqq,

233 2458 325 2511 neque
342 2457 360 2494 a
373 2438 494 2494 Scholiis
506 2438 681 2508 probabilem
694 2438 841 2492 historiam
858 2439 964 2493 elicias,
1001 2441 1047 2492 Ne
1060 2439 1129 2492 illud
1141 2439 1256 2520 quidem
1270 2449 1382 2495 constat

231 2511 351 2566 fueritne
364 2527 461 2564 uerum
473 2526 577 2562 nomen
590 2508 714 2562 mulieris
723 2510 849 2563 Macelo:
863 2526 1035 2579 quamquam
1047 2509 1123 2575 enim
1136 2526 1176 2563 stc
1189 2509 1324 2579 scriptum
1338 2521 1382 2564 est

232 2581 261 2636 in
275 2583 302 2636 G
315 2583 349 2647 T,
362 2580 447 2635 ceteri
460 2580 577 2633 Macedo
589 2579 730 2647 exhibent,
744 2588 772 2634 et
788 2581 880 2633 iactus
895 2581 940 2634 uel
953 2583 1031 2647 ictus,
1045 2597 1102 2634 non
1115 2582 1171 2635 icta
1182 2588 1229 2635 est.
1268 2581 1382 2635 Putauit

233 2654 412 2706 Burmannus
431 2651 468 2705 ad
488 2649 626 2719 Lycaonis
645 2649 761 2719 stirpem
783 2649 869 2705 etiam
891 2651 1080 2705 Macedonem
1098 2651 1290 2705 reuocandum
1309 2669 1382 2720 esse,

233 2733 318 2792 atque
343 2731 386 2777 est
407 2722 564 2775 Macednus
587 2720 659 2774 inter
684 2720 756 2774 filios
778 2720 917 2788 Lycaonis
942 2738 1012 2790 quos
1040 2731 1167 2776 recenset
1192 2722 1381 2791 Apollodorus

234 2792 270 2847 iii.
283 2794 305 2847 8.
321 2808 341 2846 1.
380 2792 438 2846 Sed
450 2791 520 2845 nihil
533 2791 569 2845 de
585 2792 640 2844 hoc
659 2808 724 2844 cum
741 2791 859 2859 coniuge
879 2792 1027 2846 combusto
1044 2791 1159 2846 inueni:
1178 2809 1270 2861 neque
1285 2792 1381 2846 Ouidii

233 2864 320 2918 uerba
339 2863 477 2917 illustrant
496 2878 568 2931 quae
581 2862 617 2915 de
636 2861 750 2915 alterius
770 2862 917 2931 Lycaonis,
935 2862 1010 2931 regis
1030 2862 1189 2931 Emathiae,
1208 2862 1265 2915 filio
1285 2865 1382 2917 Mace-

233 2935 308 2989 done
329 2933 444 2987 tradunt
464 2932 598 2987 Aelianus
622 2933 659 2986 H.
680 2934 713 2986 A.
733 2949 759 2986 x.
771 2933 814 2998 48,
835 2934 931 3002 Steph.
952 2935 985 2987 B.
1004 2949 1060 2987 su.
1074 2929 1204 2998 Ὠροιοιοε.
1242 2935 1312 2988 Erat
1325 2933 1382 2987 ubi

233 3006 377 3059 crederem
391 3004 537 3072 Orpheum
550 3001 749 3071 significatum.
783 3004 860 3056 Nam
874 3005 1005 3072 Orpheus
1019 3003 1207 3058 Macedoniae
1219 3021 1268 3058 rex
1281 3002 1383 3057 dicitur

233 3093 251 3130 a
272 3078 388 3131 Conone
407 3087 439 3143 45
460 3083 488 3129 et
506 3091 524 3128 a
543 3072 713 3143 quibusdam
730 3073 871 3128 serebatur
892 3074 1008 3128 fulmine
1029 3073 1153 3143 periisse
1192 3075 1274 3128 Paus.
1294 3073 1330 3128 ix.
1347 3089 1383 3141 30

232 3146 294 3200 Εἰσὶ
315 3146 343 3198 δέ
365 3143 391 3197 οἵ
410 3147 479 3213 φασι
499 3144 678 3214 κεραυνωθέντι
699 3144 749 3197 ὑπὸ
768 3147 813 3197 τοῦ
835 3145 895 3198 θεοῦ
920 3146 1048 3211 συμβῆναι
1072 3146 1118 3212 τὴν
1138 3145 1260 3210 τελευτὴν
1279 3145 1381 3215 Ὀρφεῖ·

232 3215 418 3286 κεραυνωθῆναι
440 3215 468 3267 δέ
490 3215 567 3269 αὐτὸν
585 3220 636 3268 τῶν
656 3216 743 3284 λόγων
764 3212 836 3268 ἕνεκα
854 3215 889 3268 ὧν
907 3214 1043 3268 ἐδίδασκεν
1063 3216 1091 3269 ἐν
1110 3217 1164 3270 τοῖς
1181 3215 1332 3284 μυστηρίοις
1352 3215 1383 3269 οὗ

231 3289 358 3356 πρότερον
379 3285 518 3353 ἀκηκοότας
535 3285 692 3356 ἀνθρώπους.
721 3282 834 3340 Ἀλλοις
848 3285 876 3338 δὲ
891 3285 1075 3355 προειρημένον
1091 3285 1163 3340 ε’στὶν
1180 3286 1214 3340 ὣς
1231 3285 1382 3355 προαποθα-

233 3356 327 3422 νούσης
348 3357 372 3408 οἱ
389 3357 434 3424 τῆς
451 3358 568 3426 γυναικὸς
586 3356 627 3409 ἐπὶ
645 3357 675 3409 τὸ
686 3353 801 3423 ’Δορνον
819 3354 850 3408 δι’
863 3356 941 3423 αὐτὴν
957 3358 987 3410 τὸ
1005 3356 1033 3410 ἐν
1044 3356 1075 3424 τῇ
1088 3356 1252 3423 Θεσπρωτίδι
1264 3355 1381 3424 ἄφίκετο.

232 3429 319 3482 Anth.
334 3428 364 3481 P.
377 3426 422 3480 vii.
436 3426 487 3493 617
502 3425 599 3496 θρηῖκα
617 3425 784 3496 χρυσολύρην
801 3425 856 3494 τῇδ’
868 3423 969 3496 Ὀρφέα
987 3430 1092 3481 Μοῦσαι
1109 3427 1220 3496 ἔθαψαν,
1231 3423 1283 3480 οον
1295 3427 1383 3480 κτάνεν

232 3498 367 3568 ὑψιμέδων
385 3497 447 3552 Ζεὺς
465 3498 591 3567 ψολόεντι
609 3496 690 3561 βέλει,
710 3497 786 3566 quod
807 3497 888 3551 adu.
910 3510 965 3563 470
982 3496 1049 3552 citat
1071 3499 1208 3552 Zarottus.
1242 3498 1382 3551 Macedon

232 3585 284 3637 pro
297 3571 348 3622 uir
356 3568 494 3622 Macedon
507 3566 597 3636 potuit
610 3567 651 3621 sic
664 3568 719 3621 dici
732 3577 762 3622 ut
775 3584 793 3621 a
807 3569 921 3621 Lucano
933 3567 990 3622 viii.
1002 3568 1056 3636 694
1067 3570 1205 3624 Macedon
1221 3567 1383 3622 Alexander

234 3641 358 3707 Magnus
368 3648 485 3693 uocatus
495 3647 547 3692 est.
573 3637 729 3706 Coniugem
737 3646 802 3691 cu'm
811 3638 927 3707 Orpheo
937 3637 1001 3692 ideo
1012 3640 1101 3708 fingas
1111 3648 1296 3708 peremptam,
1305 3637 1382 3708 quod

233 3709 367 3777 mysteria
384 3726 448 3762 cum
465 3725 499 3762 eo
519 3707 601 3761 simul
617 3707 810 3777 diuulgauerit.
849 3709 933 3777 Quod
946 3709 969 3762 si
982 3709 1070 3764 uoluit
1082 3720 1175 3779 poeta,
1189 3709 1259 3763 duos
1274 3708 1381 3778 Orphei

232 3779 356 3846 nomine,
364 3777 598 3848 prioremOeagri
609 3778 697 3831 filium
705 3778 864 3847 Eurydicae
874 3777 1006 3833 maritum
1015 3779 1163 3849 (482,6oo),
1173 3779 1220 3847 qui
1230 3778 1382 3849 ἱαίιπολληῑ

232 3849 435 3918 προγενέστερος
452 3852 498 3902 τοῦ
515 3848 626 3917 ὑστέρου
646 3849 787 3917 (Eustath.
806 3850 844 3903 ad
864 3851 896 3904 ll.
916 3861 976 3918 359,
995 3850 1029 3905 cf.
1050 3851 1144 3905 Schol.
1162 3852 1216 3919 Ap.
1235 3851 1270 3904 R.
1289 3848 1305 3903 i.
1326 3849 1382 3917 23),

232 3919 352 3972 alterum
364 3920 439 3972 hunc
454 3918 652 3978 Macedonem,
666 3919 761 3973 finxit:
781 3919 858 3989 quod
870 3937 939 3975 sane
951 3936 1008 3973 non
1024 3931 1066 3975 est
1079 3920 1239 3975 uerisimile.
1277 3919 1382 3973 Melius

233 3989 352 4042 sortasse
365 3988 489 4043 conicias
504 3989 693 4043 Macedonem
703 4006 787 4070 quem
796 3993 891 4059 γηγενῆ
902 3992 1041 4059 Scymnus
1051 3991 1104 4058 630
1113 3991 1236 4060 appellat
1246 3989 1383 4070 additque

234 4059 435 4114 Macedoniam
444 4059 628 4128 rexisse,cum
636 4070 736 4114 ceterrs
745 4060 914 4129 Gigantibus
922 4061 1027 4115 bellum
1037 4061 1080 4115 dis
1091 4061 1257 4116 inferentem
1265 4061 1382 4114 fulmme

233 4146 398 4199 percussum
418 4129 521 4184 luisse:
550 4139 624 4184 certe
645 4129 673 4183 in
695 4132 816 4199 Phlegra
838 4131 1034 4200 Macedoniae,
1053 4149 1126 4202 quae
1147 4141 1247 4201 postea
1267 4132 1382 4185 Pallene

232 4200 292 4268 tuit,
315 4199 453 4268 Gigantas
472 4200 634 4255 fulminatos
656 4203 770 4257 tradunt
792 4202 923 4271 Apollod.
942 4201 961 4256 i.
979 4202 1078 4272 6.1-3,
1098 4202 1178 4257 Pind.
1200 4204 1283 4257 Nem
1304 4201 1321 4255 i.
1337 4201 1382 4270 67,

234 4273 300 4339 Lyc.
324 4283 381 4337 127,
404 4285 478 4339 1404,
501 4273 576 4340 1408,
597 4272 661 4326 Val.
683 4274 724 4327 Fl.
749 4272 777 4326 ii.
799 4274 830 4327 16
850 4289 911 4342 sqq.
948 4276 1069 4339 rapidis
1089 4275 1226 4328 fiammis
1245 4283 1276 4327 ut
1299 4273 1380 4326 Pont

232 4340 267 4397 iv.
279 4343 303 4396 8.
315 4342 526 4411 29turaseram
538 4343 650 4412 rapidis
660 4344 807 4399 sollemnia
809 4344 942 4414 flammis
953 4345 1012 4399 h.e.
1025 4344 1153 4399 celeriter
1165 4341 1381 4412 corripientibus

232 4423 261 4467 et
283 4411 310 4466 ui
336 4428 387 4466 sua
411 4412 613 4467 haurientibus.
760 4417 828 4469 416.
848 4418 985 4468 uindicta
1008 4418 1087 4480 igne.
1139 4417 1219 4469 Pont.
1241 4413 1277 4467 iv.
1300 4414 1323 4467 8.
1348 4425 1382 4481 59

234 4485 374 4556 Gigantas
383 4483 436 4538 Ad
441 4483 531 4554 Styga
543 4484 689 4554 nimbifero
702 4483 847 4539 uindicis
861 4483 937 4553 igne
949 4486 1037 4539 datos.
1096 4488 1162 4540 411.
1176 4488 1241 4539 illle
1254 4483 1380 4540 canibus
