3038 5010
589 383 935 447 COMMENTARIVS.
1275 391 1331 449 155

181 551 224 597 est
238 539 351 610 (Timol.
361 539 463 610 xxxiv).
493 541 611 613 Scripsit
624 542 757 611 carmina,
768 541 914 611 exquibus
926 539 1101 610 epigramma
1113 550 1189 597 extat
1201 557 1245 612 ap.
1258 543 1331 600 Plut.

182 613 283 667 Timol.
297 612 378 681 xxxii,
393 612 486 681 Bergk
501 615 530 667 Ρ.
545 614 575 668 L.
589 630 616 682 p.
627 615 687 681 638,
700 613 735 667 cf.
750 615 837 667 Grote
852 612 926 667 Hist.
940 613 973 665 of
982 614 1089 666 Greece
1102 611 1129 665 xi
1142 630 1189 694 pp.
1199 626 1259 682 259,
1270 615 1330 669 260.

181 687 328 737 membra.
356 685 518 736 Mamercus
530 683 609 751 ἥνπερ
619 685 643 735 oi
655 684 750 749 λῃσταὶ
760 684 831 751 δίκην
840 683 917 736 ἔδωκε
928 683 1010 751 (Plut.
1022 681 1095 737 Tim.
1105 683 1207 750 xxxrv).
1233 685 1331 765 Qualis

182 770 216 807 ea
234 770 310 806 mors
329 753 410 808 fuerit
427 754 510 808 docet
526 753 612 808 Anth.
627 755 657 808 P.
670 753 704 807 rii.
719 755 779 807 280.
796 768 817 822 1,
831 767 847 821 3
862 752 910 806 ubi
929 755 1079 821 Hegemon
1096 752 1212 822 quidam
1225 765 1331 823 piratas

182 823 331 877 concidere
351 822 534 892 (κατατέμνειν)
554 823 663 878 dicitur.
701 824 778 878 Suid.
798 841 819 877 s.
834 841 859 877 u.
880 823 994 876 hiltimar
1012 822 1120 890 ὄλεθρος
1139 823 1207 878 dicit
1225 824 1331 893 piratas

181 893 223 947 ἐπ’
245 895 356 960 ὠμότητι
378 893 570 960 διαβεβλῆσθαι
590 894 665 948 unde
685 911 742 947 non
763 893 866 947 mimm
887 893 910 946 si
931 892 984 962 ipsi
1006 892 1165 947 crudelibus
1187 895 1332 975 suppliciis

182 963 382 1018 afficiebantur.
473 967 542 1018 549.
563 967 732 1029 Syraaosio.
767 963 943 1018 Scholiastae
963 963 1145 1018 Theocritum
1165 963 1332 1033 intelligunt,

182 1032 229 1102 qui
243 1033 271 1087 in
285 1033 489 1103 epigrammate
500 1034 587 1089 Anth.
602 1037 632 1089 P.
646 1034 681 1089 ix.
694 1049 754 1102 434.
768 1050 783 1088 2
797 1034 833 1088 de
852 1050 883 1088 se
900 1035 1018 1103 loquens
1035 1031 1080 1088 Εἷς
1092 1033 1142 1087 ἀπὸ
1154 1040 1204 1088 τῶν
1216 1037 1331 1102 πολλῶν,

135 1166 139 1173 ,
182 1103 230 1172 ait,
251 1104 301 1171 είμὶ
323 1101 493 1174 Συρηκοσίων,
513 1115 541 1158 et
563 1104 604 1158 sic
625 1104 765 1174 Vergilius
783 1105 844 1158 Ecl.
857 1104 892 1159 vi.
909 1119 920 1156 1
935 1105 1083 1173 Syracosia
1095 1120 1179 1157 uersu
1192 1122 1223 1159 se
1235 1105 1332 1160 ludere

181 1174 217 1227 ia'
230 1180 271 1227 est
288 1175 401 1228 imitari
421 1174 597 1229 Theocritum
616 1176 827 1245 Syraaumnum
848 1174 937 1244 (Seru.
952 1174 989 1227 ad
1006 1173 1070 1241 loc.)
1083 1172 1235 1243 profitetur.
1275 1176 1333 1230 Sed

182 1244 257 1297 hunc
273 1245 375 1315 laqueo
393 1245 511 1314 periisse
532 1245 609 1314 apud
630 1245 773 1299 neminem
793 1253 912 1312 constat,
934 1260 1107 1313 quamquam
1131 1261 1188 1298 non
1210 1246 1332 1301 absurde

182 1314 308 1368 Alciatus
322 1317 432 1383 Parerg.
447 1314 481 1369 ix.
495 1330 529 1382 23
543 1314 662 1369 coniecit
681 1315 809 1369 allusisse
829 1314 963 1368 Ouidium
982 1314 1019 1367 ad
1037 1331 1102 1368 eum
1115 1323 1271 1369 amatorem
1284 1316 1331 1387 qui

182 1401 201 1437 a
222 1384 420 1438 ,Theocritum
435 1386 475 1439 Id.
486 1385 551 1438 xxiii
565 1402 595 1439 se
608 1384 701 1455 ipsum
713 1402 810 1439 amore
823 1384 917 1438 dilecti
929 1383 1008 1454 pueri
1021 1384 1198 1452 suspenderit
1210 1384 1331 1454 (49-52):

183 1401 268 1524 itique
290 1472 324 1508 eo
345 1454 404 1508 ueri
427 1454 545 1509 similius
568 1455 598 1509 fit
617 1456 694 1525 quod
714 1457 769 1509 hoc
791 1471 913 1523 carmen,
932 1464 962 1507 ut
982 1453 1054 1508 inter
1073 1455 1216 1510 Theocriti
1236 1455 1332 1524 idyllia

182 1524 276 1578 locum
288 1525 382 1593 habet,
396 1525 436 1580 ita
448 1543 466 1579 a
478 1525 629 1580 Theocrito
647 1526 724 1579 nullo
741 1526 826 1580 modo
839 1523 923 1578 scribi
936 1524 1035 1594 potuit,
1048 1522 1113 1578 uide
1127 1526 1333 1581 Wordsworth-

183 1593 241 1648 ium
259 1611 286 1663 p.
302 1609 368 1662 173:
388 1613 455 1649 nam
474 1595 534 1650 siue
556 1596 592 1649 ab
611 1595 733 1676 antiquis
753 1613 817 1650 cum
835 1594 1011 1649 Theocriteis
1030 1595 1183 1664 legebatur,
1204 1596 1272 1651 satis
1294 1597 1332 1651 ad

183 1665 237 1718 hoc
263 1682 366 1719 causae
391 1665 443 1719 fuit
468 1666 545 1735 quod
574 1666 718 1720 Theocriti
740 1676 860 1720 mortem
880 1665 1047 1719 credebatur
1068 1682 1202 1731 narrare;
1228 1666 1289 1720 siue
1314 1684 1332 1721 a

182 1735 337 1789 recentiore
359 1735 453 1805 aliquo
474 1735 617 1790 Theocriti
637 1735 740 1805 idylliis
759 1736 975 1790 adnumeratum
996 1745 1048 1816 est,
1070 1735 1136 1789 lecit
1158 1736 1187 1789 id
1207 1736 1273 1806 quia
1294 1737 1332 1792 ad

182 1814 284 1873 poetae
296 1807 385 1859 fatum
403 1805 543 1875 pertinere
561 1823 675 1860 carmen
694 1805 848 1876 antiquitus
867 1805 1001 1861 traditum
1019 1805 1137 1860 uiderat.
1174 1807 1258 1861 Certe
1274 1825 1332 1861 non

182 1884 276 1944 potest
297 1875 449 1944 significari
467 1875 622 1946 Antiphon,
642 1886 672 1931 ut
696 1886 760 1946 post
780 1875 975 1930 Bonannum*
996 1877 1126 1944 Syracus.
1144 1876 1239 1946 Antiq.
1260 1876 1286 1931 ii.
1307 1893 1332 1946 2,

183 1945 333 1999 Welckero
348 1945 471 2015 (Griech.
485 1947 608 2015 Tragbd.
621 1946 659 2000 iii.
675 1963 703 2016 p.
720 1946 797 2014 1041)
810 1947 923 2016 placuit.
961 1945 1018 1999 Hic
1030 1944 1106 2000 enim
1118 1944 1171 2000 etsi
1185 1947 1333 2015 Syracusis

183 2014 251 2068 uixit
270 2032 334 2069 cum
354 2015 494 2084 Dionysio
511 2026 631 2085 tyranno
650 2016 766 2087 eiusque
785 2017 945 2086 tragoedias
966 2016 1130 2085 refingebat,
1155 2025 1240 2087 atque
1258 2018 1334 2072 adeo·

183 2095 304 2140 mortem
317 2085 371 2139 sibi
384 2086 528 2155 peperisse
541 2087 687 2141 dicebatur
699 2087 775 2157 quod
788 2104 837 2141 eas
850 2087 977 2140 acerbius
990 2087 1216 2155 reprehenderet,
1229 2088 1331 2157 laqueo

183 2169 241 2208 non
260 2165 303 2210 est
321 2155 514 2226 interemptus,
533 2157 585 2211 sed
603 2166 651 2211 aut
669 2157 817 2212 tormentis
835 2157 919 2227 (Plut.
933 2158 968 2211 de
987 2156 1072 2211 Stoic.
1086 2158 1214 2227 Repugn.
1228 2158 1331 2227 xxxvii)

184 2235 232 2280 aut
253 2225 326 2280 fuste
347 2227 463 2294 (μελλαν
483 2227 733 2296 άπατυμσανίζεσθαι
754 2227 840 2281 Arist.
859 2228 941 2281 Rhet.
962 2227 989 2282 ii.
1002 2225 1039 2288 6).
1078 2229 1179 2297 Neque
1200 2244 1267 2282 uero
1289 2238 1332 2283 est

184 2297 382 2365 Empedocles,
402 2297 531 2367 quamuis
553 2315 617 2352 eum
640 2297 802 2352 Demetrius
822 2297 990 2352 Troezenius
1009 2314 1054 2366 ap.
1074 2297 1159 2367 Diog.
1179 2299 1208 2351 L.
1228 2298 1284 2354 viii.
1299 2311 1333 2366 74

183 2376 277 2421 narret
295 2365 444 2436 Ἀψάμενον
462 2369 563 2437 βρόχον
581 2367 657 2421 αίπίνν
677 2365 724 2436 ἀφ’
745 2368 861 2450 ὑψηλοῖο
883 2367 997 2436 κρανείης
1017 2367 1109 2437 Αὗχέν’
1131 2369 1331 2437 ἀποκρεμάσαιε

183 2453 250 2490 nam
269 2438 459 2507 Empedocles
478 2437 579 2492 dicitur
595 2455 640 2493 uu.
658 2450 716 2507 597,
734 2439 796 2492 81n
814 2440 937 2493 Aetnam
955 2434 1104 2492 insiluisse.
1140 2439 1186 2492 An
1205 2448 1248 2493 est
1267 2439 1332 2492 Phi-

184 2507 321 2562 loxenus?
357 2507 432 2562 Huic
454 2507 530 2562 enim
551 2508 612 2562 siue
633 2519 747 2578 propter
767 2509 968 2564 helluationem
990 2526 1046 2578 qua
1066 2509 1200 2578 polypum
1223 2508 1333 2579 δίπηχυν

183 2577 270 2631 fertur
286 2578 450 2647 degluttisse
466 2588 653 2648 precatusque
665 2589 696 2633 ut
712 2578 766 2633 tria
778 2580 851 2633 colla
868 2579 985 2634 haberet
998 2577 1099 2648 quibus
1116 2577 1212 2633 omnia
1228 2589 1256 2633 et
1270 2579 1332 2635 sine

184 2647 239 2701 fine
264 2658 374 2703 uoraret
400 2648 513 2717 (Athen.
540 2663 600 2717 341,
624 2650 684 2703 Ael
707 2651 742 2704 V.
766 2652 802 2704 H.
823 2667 849 2704 x.
870 2648 907 2718 9),
929 2649 990 2702 siue
1014 2650 1051 2702 ob
1072 2649 1222 2717 epistulam
1246 2667 1332 2719 quam

185 2717 324 2787 Dionysio
346 2729 497 2788 postquam
521 2727 650 2773 euaserat
675 2737 709 2774 ex
733 2716 856 2774 latomiis
882 2718 1075 2788 Syracusanis,
1097 2736 1153 2788 quo
1175 2736 1192 2773 a
1211 2728 1332 2787 tyranno

185 2788 335 2843 damnatus
356 2799 424 2857 erat,
444 2789 596 2859 rescripsit,
615 2789 686 2843 nihil
710 2790 901 2844 continentem
925 2799 1036 2859 praeter
1059 2806 1147 2842 unum
1171 2811 1209 2842 ov·
1223 2790 1283 2843 siue
1306 2807 1332 2858 υ,

184 2859 210 2912 h.
220 2875 245 2912 e.
267 2859 350 2912 simul
371 2859 525 2928 imaginem
549 2859 640 2928 restis,
660 2859 743 2914 simul
770 2860 919 2915 recusandi
937 2860 1057 2928 signum,
1077 2858 1236 2912 huiusmodi
1256 2877 1332 2915 mors

183 2944 234 2998 per
251 2929 383 2999 laqueum
399 2929 500 2984 merito
517 2929 622 2998 adtingi
640 2930 739 3000 potuit.
777 2931 879 2984 Suidas
892 2928 1031 2998 Φιλοξένου
1042 2930 1211 2999 γραμμάτιον·
1228 2928 1270 2984 ἐπὶ
1283 2936 1334 2984 τῶν

183 2997 217 3066 μὴ
241 3000 397 3067 πειθομένων
419 2999 462 3070 ἐφ’
487 2997 526 3056 οἷς
548 3003 764 3071 παρακαλοῦνται,
788 2998 848 3054 ἀλλ’
874 3000 1084 3072 ἀπαγορευόντων
1106 3001 1215 3066 μᾶλλον.
1256 3001 1333 3053 Φιλά-

184 3071 257 3137 ξενος
283 3070 335 3140 γὰρ
363 3073 378 3123 ὁ
405 3069 531 3140 Κυθήριος
559 3070 693 3141 διαφυγὼν
722 3072 768 3127 τὰς
796 3071 832 3126 είς
861 3069 1025 3141 Συρακούσας
1051 3069 1208 3138 λιθοτομίας,
1237 3069 1273 3124 εἷς
1303 3070 1333 3127 ἃς

184 3139 312 3207 ἐνέπεσεν,
330 3138 370 3193 ὅτι
386 3142 432 3196 τὰς
450 3140 589 3194 Διονυσίου
608 3146 654 3195 τοῦ
675 3142 798 3230 τυράννου
816 3139 960 3213 τραγῳδίας
978 3141 1023 3194 οὐκ
1041 3138 1137 3209 ἐπῄνει,
1157 3139 1283 3208 διέτριβεν
1302 3140 1331 3195 ε’ν

183 3210 294 3277 Τάραντι
312 3213 357 3278 τῆς
378 3210 499 3266 Ἰταλίας.
526 3232 753 3281 μεταπεμπομενου
775 3212 803 3265 δὲ
823 3212 963 3267 Διονυσίου
982 3211 1058 3264 αὔτδν
1078 3210 1119 3264 καὶ
1138 3209 1271 3276 ἆξιοῦντος
1289 3210 1331 3264 διὰ

183 3281 340 3351 γραμμάτων
351 3281 445 3344 ἐλθεῖν,
459 3283 596 3350 Φιλόξενος
608 3281 765 3352 ἀντιγράψαι
782 3284 828 3352 μὲν
845 3283 889 3335 οὒκ
907 3283 981 3370 ἔγνω,
998 3283 1087 3342 λαβὼν
1099 3280 1127 3333 δὲ
1140 3280 1246 3343 βιβλίον
1258 3281 1287 3334 τδ
1301 3285 1331 3333 οἶν

185 3353 317 3420 στοιχεῖον
332 3352 346 3403 ἔ
363 3353 434 3422 ραψε
454 3353 532 3421 μόνον
549 3353 676 3407 πολλάκις
693 3352 721 3405 ἐν
736 3353 805 3424 αὐτῷ
822 3353 864 3407 διδ
882 3374 974 3407 τουτου
993 3352 1113 3419 δηλώσας
1130 3349 1170 3404 ὅτι
1187 3350 1233 3418 τὴν
1250 3351 1331 3419 παρτί-

184 3423 278 3488 κλησιν
291 3374 424 3475 διωθεῖται.
457 3422 499 3476 Cf.
514 3422 649 3491 Scaligeri
661 3424 767 3477 Auson.
783 3425 857 3478 Lect.
867 3423 894 3478 ii.
905 3439 946 3477 20.
979 3423 1159 3492 Quamquam
1171 3420 1237 3474 huic
1249 3438 1331 3475 suam

184 3490 368 3546 uoracitatem
398 3491 513 3546 exitium
540 3493 645 3561 tulisse,
670 3493 750 3547 testis
775 3504 818 3548 est
841 3495 1005 3548 Athenaeus
1031 3507 1090 3560 341.
1144 3495 1331 3555 praestricta

184 3564 274 3616 fauoe
293 3563 346 3631 ‘by
362 3562 583 3632 strangulation,'
602 3563 672 3617 Plin.
688 3566 724 3617 H.
740 3565 776 3618 N.
791 3563 853 3618 xvii.
868 3578 920 3632 234
937 3580 1103 3617 crassescens
1116 3561 1229 3631 (cortex)
1247 3566 1332 3632 prae-

184 3634 304 3702 stringit
321 3638 349 3686 et
367 3635 539 3704 strangulat.
672 3637 741 3688 550.
761 3639 885 3689 animae
909 3633 1064 3703 genitiuum
1085 3633 1179 3700 credo,
1200 3632 1235 3686 cs.
1257 3633 1333 3686 uocis

185 3705 242 3755 iter
260 3715 319 3771 570.
402 3707 467 3756 551.
486 3707 583 3758 Nuda
600 3710 739 3772 pateant,
757 3704 773 3758 i.
784 3722 810 3774 q.
830 3705 971 3759 nudentur
989 3713 1017 3758 et
1035 3713 1158 3774 pateant.
1208 3706 1333 3768 direpta

185 3776 265 3836 pelle
278 3773 329 3842 ‘by
341 3772 479 3844 stripping
492 3792 571 3844 away
583 3776 631 3829 the
644 3775 724 3830 skin'
761 3777 803 3829 M.
813 3775 849 3830 vi.
859 3776 910 3843 387
920 3776 1066 3830 Clamanti
1075 3775 1148 3828 cutis
1158 3778 1200 3828 est
1211 3790 1334 3828 summas

219 3961 234 3996 *
252 3960 374 4008 Bonannus
389 3961 505 4024 (Syracus.
520 3963 599 4024 Antiq.
610 3962 635 4013 ii.
649 3960 675 4023 a)
690 3963 713 4009 in
729 3961 881 4023 disputatione
898 3978 967 4025 quam
982 3963 1011 4010 de
1024 3961 1069 4010 hoc
1084 3963 1137 4009 loco
1152 3961 1222 4010 lbidis
1236 3961 1331 4021 scripsit,

186 4027 279 4089 negauit
291 4027 411 4089 significari
426 4043 490 4088 posse
504 4029 656 4075 Theocritum
674 4029 848 4089 Syracusanum,
863 4030 901 4089 qui
918 4039 987 4089 epoto
1001 4043 1092 4075 ueneno
1105 4028 1195 4088 periisse
1206 4029 1296 4075 dicatur
1308 4028 1332 4074 in

186 4092 268 4152 ldyllio
279 4093 341 4152 quod
352 4092 381 4139 de
395 4107 422 4139 eo
438 4095 478 4139 sub
491 4095 567 4140 Btonis
582 4095 675 4141 nomine
690 4095 800 4153 scripserit
815 4095 924 4140 Moschus
940 4095 982 4154 (iii.
997 4093 1071 4154 111);
1087 4093 1193 4153 idemque
1209 4094 1332 4152 suspicatus

186 4166 220 4203 est
232 4156 263 4204 ad
274 4157 438 4218 Syracusanum
450 4159 532 4205 tralata
544 4159 611 4206 fuisse
623 4174 682 4219 quae
694 4160 722 4205 de
734 4159 794 4205 Chio
806 4159 879 4205 uerius
890 4168 1023 4212 narrentur;
1041 4159 1080 4205 sed
1092 4160 1116 4204 in
1128 4158 1190 4205 nullo
1201 4159 1253 4205 loco
1266 4158 1332 4204 exiis

186 4237 244 4282 quos
260 4223 290 4269 de
306 4222 433 4269 Theocrito
449 4221 510 4269 Chio
526 4225 599 4270 citant
616 4224 767 4271 Bernhardius
785 4225 812 4270 ad
827 4225 918 4270 Suidam
936 4240 953 4270 s.
961 4239 984 4272 u.
1002 4224 1112 4270 Miillerus
1129 4225 1152 4269 in
1168 4223 1259 4286 Fragm.
1271 4223 1332 4269 Hist.

185 4288 268 4335 Graec.
285 4287 307 4334 ii.
327 4303 366 4346 pp.
379 4285 418 4342 86,
431 4287 463 4349 87
480 4297 570 4335 constat
586 4289 647 4335 hunc
663 4289 836 4352 strangulatum
851 4291 928 4344 luisse,
946 4290 984 4335 scd
1002 4298 1092 4335 tantum
1112 4290 1140 4334 ab
1158 4288 1277 4350 Antigono
1293 4301 1331 4332 ne·

185 4362 279 4407 catum:
297 4354 339 4400 nisi
356 4352 416 4399 sorte
431 4368 461 4400 ex
475 4354 550 4401 uerbis
565 4355 676 4417 Antigoni
692 4370 727 4414 ap.
742 4355 802 4402 Plut.
819 4355 880 4402 Mor.
894 4367 922 4401 11
940 4353 1076 4415 τοιγαροῦν,
1091 4351 1147 4413 ἔφη,
1161 4351 1205 4410 τὴν
1220 4348 1333 4412 κεφαλὴν

186 4417 235 4477 οὐχ
254 4414 312 4478 ἕξεις
329 4433 458 4479 compresso
473 4434 512 4480 per
529 4420 636 4480 laqueum
652 4421 729 4481 spiritu
749 4421 839 4481 periisse
860 4420 1002 4468 iudicabitur.
1036 4420 1094 4466 Vide
1114 4418 1220 4464 Macrob.
1233 4417 1280 4464 Sat.
1293 4416 1333 4464 vii.

187 4494 209 4542 3.
223 4495 262 4530 ια.
