3038 5010
183 377 239 431 154
581 368 927 431 COMMENTARIVS.

182 526 306 581 nominis
325 524 491 594 intelligunt.
529 526 604 579 Sane
623 525 694 579 duos
709 526 840 579 Achaeos
860 522 963 579 Suidas
982 533 1195 593 commemorat,
1208 524 1332 595 tragicos

183 611 316 667 utrosque
329 616 335 661 ;
346 613 472 665 quorum
485 595 561 664 prior
573 596 698 665 aequalis
712 596 849 664 Euripidi,
863 598 934 650 alter
949 595 1089 649 recentior
1105 595 1157 650 fuit
1170 614 1175 649 :
1195 596 1247 649 sed
1259 596 1331 650 nihil

183 669 220 721 de
238 669 338 720 horurn
357 676 446 721 morte
466 675 585 720 constat.
622 666 694 719 Mihi
713 673 792 719 uates
808 665 940 719 Achaeus
958 665 1069 720 uidetur
1083 665 1229 720 Aristaeus
1248 683 1332 721 esse:

183 738 229 791 hic
246 737 321 790 enim
339 746 366 790 et
383 738 568 805 χρησμολόγος
580 735 681 790 dicitur
695 737 782 790 Clem.
797 737 900 790 Strom.
916 750 965 802 144
976 737 1004 790 S.
1018 745 1045 790 et
1059 736 1190 789 Achaeus
1205 753 1257 789 suo
1272 736 1332 791 iure

183 808 328 861 uocandus
347 817 415 871 erat,
428 817 458 860 ut
476 816 543 875 pote
561 807 715 859 Thessalus
734 807 840 873 (Schol.
857 809 911 876 Ap.
930 808 964 860 R.
978 805 994 860 i.
1012 819 1069 875 177,
1083 808 1143 873 284,
1163 806 1200 861 iii.
1214 819 1274 874 775,
1295 806 1332 861 iv.

186 878 274 946 1329),
287 887 315 931 et
328 887 426 930 contra
438 893 523 945 apum
536 893 646 930 morsus
662 876 866 946 operimentum
886 877 1030 946 quoddam
1049 878 1194 930 oculorum
1213 875 1331 932 inuenit.

185 951 280 1002 Nonn.
296 948 414 1016 Dionys.
427 966 453 1001 v.
467 962 518 1014 243
532 948 619 1000 Κεῖνος
631 946 694 1014 ἀνὴρ
711 948 803 1014 ἐνόησε
819 947 988 1016 πολυτρήτων
1002 947 1081 1016 στίχιι
1095 947 1215 1014 σίμβλων
1227 949 1305 1012 Πλαζ
1319 974 1332 986 -

183 1020 259 1090 μένης
271 1017 293 1071 δ’
307 1019 418 1084 ἔστησεν
429 1016 555 1086 ἔρημάδος
567 1017 630 1107 ἔργα
642 1017 779 1086 μελίσσης.
813 1031 864 1083 247
878 1020 927 1070 Kal
939 1016 1034 1072 λινέαις
1046 1018 1128 1087 ἀψῖσι
1140 1017 1332 1071 σολυσλέκτοιο

183 1094 290 1158 χιτῶνος
310 1090 371 1140 Γυῖο
395 1087 571 1157 περισφίγξος
595 1085 694 1156 ονῦχων
718 1087 769 1140 rimo
792 1088 869 1157 μέχρι
893 1091 995 1156 κομάων
1016 1087 1113 1154 Φρικτὰ
1138 1089 1333 1157 κορυσσομένης

182 1159 350 1228 ἐφυλάσσετο
363 1158 453 1226 κέντρα
465 1158 602 1225 μελίσσης,
615 1157 692 1226 quod
704 1173 761 1210 non
773 1158 885 1212 fecisset
898 1157 952 1212 nisi
969 1174 1055 1226 apum
1073 1158 1187 1211 aculeos
1206 1157 1267 1226 ipse
1286 1175 1331 1211 ex·

181 1238 277 1298 pertus
290 1237 372 1282 esset.
410 1229 512 1297 Neque
524 1245 542 1281 a
554 1244 621 1281 uero
638 1228 770 1282 abhorret
786 1227 947 1283 Aristaeum
960 1245 978 1281 a
989 1227 1131 1281 nonnullis
1144 1227 1251 1282 dictum
1267 1245 1332 1283 esse

181 1299 222 1353 sic
241 1298 328 1352 oculis
348 1297 480 1364 caruisse,
498 1314 566 1352 nam
584 1298 739 1352 secundum
755 1299 827 1353 Plut.
840 1301 933 1352 Amat.
947 1298 993 1352 xiv
1005 1302 1133 1368 Εὔχοντσι
1152 1296 1173 1351 δ’
1193 1295 1332 1370 Ἀρισταίῳ

183 1369 319 1424 δολοῦντες
336 1367 466 1438 ὀρύγμασι
485 1369 525 1422 καὶ
542 1369 651 1437 βρόχοις
671 1367 764 1423 λύκους
782 1370 822 1423 κο1
843 1368 960 1434 ἄρκτους,
973 1365 1027 1423 Ὃς
1044 1374 1161 1437 πρῶτος
1181 1367 1332 1437 θήρεσσιν

182 1440 268 1504 ἔθηκε
289 1438 454 1507 ποδάγρας.
489 1439 584 1507 Apum
608 1438 725 1492 uulnera
748 1437 889 1492 interdum
910 1438 1020 1493 letifera
1040 1438 1127 1493 fuisse
1149 1438 1252 1493 docent
1273 1454 1331 1492 non

181 1511 273 1563 solum
291 1508 436 1562 Nicander
454 1508 537 1562 Ther.
552 1509 647 1576 805—9,
660 1509 747 1562 Anth.
761 1510 792 1562 P.
805 1509 839 1562 ix.
854 1523 913 1576 302,
927 1519 955 1562 et
970 1510 1028 1578 548,
1046 1509 1097 1562 sed
1109 1508 1196 1564 etiam
1210 1525 1282 1579 quae
1295 1509 1331 1563 de

182 1579 317 1634 Rhauciis
329 1577 510 1633 Cretensibus
519 1596 553 1632 ex
561 1578 712 1632 Antenoris
722 1578 839 1633 Creticis
849 1578 969 1648 sumpsit
978 1579 1113 1634 Aelianus
1125 1581 1162 1633 H.
1173 1581 1208 1633 A.
1218 1578 1280 1633 xvii.
1288 1593 1303 1645 3
1307 1591 1331 1647 5.

181 1650 342 1705 Aristaeum
360 1666 427 1703 uero
445 1648 491 1702 hic
510 1648 660 1717 significari
680 1648 765 1702 etiam
784 1650 855 1703 haec
874 1650 1053 1718 persuadent·
1065 1649 1103 1717 (1)
1117 1649 1193 1719 quod
1206 1666 1224 1704 a
1237 1650 1331 1717 Batto,

181 1720 225 1774 cui
239 1735 396 1789 cognomen
408 1720 541 1773 Aristaee
553 1718 613 1786 fuit,
632 1719 766 1773 transitus
785 1719 825 1773 sic
844 1720 874 1774 fit
893 1720 931 1774 ad
949 1719 1148 1789 cognominem
1159 1719 1330 1786 Aristaeum,

182 1793 258 1845 uelut
272 1808 316 1844 uu.
329 1789 502 1858 457-460'ab
517 1789 699 1858 Hippomene
710 1789 845 1843 transitur
863 1791 900 1844 ad
914 1790 1134 1859 Hippomenem,
1148 1807 1194 1843 uu.
1210 1802 1222 1858 5
1227 1802 1240 1857 5
1245 1801 1294 1858 5-5
1299 1790 1331 1858 58

180 1872 238 1916 tres
252 1860 352 1915 Glauci
370 1869 484 1929 propter
503 1858 594 1912 simile
612 1876 716 1914 nomen
735 1859 818 1914 simul
836 1860 1013 1926 inducuntur,
1035 1859 1073 1928 (2)
1087 1860 1164 1929 quod
1181 1860 1276 1914 fabula
1295 1860 1331 1914 de

184 1934 293 2000 Cyrene
315 1931 430 2000 eiusque
451 1929 582 1984 Aristaeo
599 1929 656 1983 filio
675 1930 755 1999 quasi
773 1941 908 2000 perpetuo
927 1930 1040 1984 uinculo
1058 1946 1123 1984 cum
1142 1932 1227 1985 Batto
1246 1939 1332 1999 atque

181 2001 241 2058 eius
264 2002 332 2055 urbe
354 1999 471 2068 Cyrenis
492 2003 631 2054 cohaeret.
669 2000 742 2054 Vide
763 2001 843 2055 Pind.
864 2003 893 2056 P.
914 2020 939 2069 v,
961 2001 1057 2055 lustin.
1078 2000 1134 2054 xiii.
1153 2014 1176 2066 7.
1192 2013 1269 2067 7-11‚
1290 1998 1330 2067 (3)

182 2073 259 2142 quod
278 2073 314 2125 ab
327 2071 457 2125 Aristaeo
474 2086 532 2123 non
551 2080 657 2124 temere
675 2071 809 2125 transitur
825 2071 862 2124 ad
875 2072 1084 2125 Prometheum.
1122 2073 1199 2124 Nam
1217 2070 1332 2138 Hydro-

182 2144 287 2196 choeus
306 2141 366 2195 siue
384 2140 525 2210 Aquarius
544 2150 616 2194 teste
636 2141 730 2195 Schol.
750 2141 911 2195 Germanici
929 2144 1007 2196 Arat.
1027 2159 1054 2210 p.
1073 2153 1104 2209 55
1125 2140 1244 2209 Breysig
1262 2157 1332 2193 non-

180 2212 264 2267 nullis
290 2211 420 2281 Pyrrhae
444 2211 518 2279 (544)
540 2210 657 2265 maritus
686 2211 852 2279 Deucalion,
877 2213 913 2266 ab
940 2211 1063 2281 antiquis
1088 2211 1232 2265 Aristaeus
1258 2210 1331 2265 filius

184 2286 307 2351 Cyrenes
321 2281 485 2335 habebatur.
548 2284 619 2334 542.
637 2284 758 2345 spionia
770 2283 882 2336 aculeos
895 2291 926 2336 ut
938 2283 1047 2353 spicula
1059 2283 1226 2335 crabronum
1241 2283 1281 2335 M.
1295 2280 1330 2335 xi.

184 2367 242 2422 335.
274 2354 388 2407 condet
401 2352 493 2420 ‘bury'
506 2351 653 2420 ‘sheathe,'
668 2354 707 2405 M.
721 2351 776 2406 xiii.
786 2354 839 2420 458
851 2354 951 2424 iugulo
963 2354 1011 2407 uel
1016 2357 1127 2423 pectore
1138 2353 1225 2406 telum
1240 2352 1333 2405 Cende

182 2441 249 2492 meo,
274 2424 320 2491 561
342 2422 447 2492 dtgr'tes
466 2423 498 2474 in
515 2423 626 2492 perfida
647 2423 758 2476 lumina
777 2424 876 2477 condar.
952 2427 1022 2477 543.
1041 2426 1181 2487 carparis
1199 2426 1331 2490 uiscera,

182 2493 334 2549 uulturium
352 2492 425 2546 feras
445 2491 599 2546 laniantem
618 2492 735 2546 uiscera.
820 2496 890 2548 544.
908 2497 954 2548 Vt
972 2497 1031 2562 oui,
1052 2503 1082 2547 ut
1100 2493 1124 2546 is
1146 2492 1192 2562 qui
1215 2494 1332 2546 fratrem

181 2564 280 2619 habuit
301 2563 457 2632 genitorem
479 2563 617 2632 Pyrrhae3
642 2563 743 2632 quibus
768 2563 935 2632 ambagibus
960 2563 1095 2616 αἰνίττεται
1119 2563 1331 2632 Epimetheum,

179 2638 295 2690 fratrem
314 2632 481 2687 Promethei.
521 2636 597 2686 Nam
609 2651 646 2686 ex
654 2635 752 2756 IZpeto
768 2640 797 2687 et
816 2635 944 2704 Clymene
960 2634 1047 2688 Atlas
1065 2633 1249 2703 Epimetheus
1260 2635 1332 2686 Pro-

181 2706 304 2760 metheus
317 2705 405 2772 (Hyg.
419 2703 530 2772 Praei),
543 2703 657 2772 Pyrrha
695 2704 903 2774 pemetlzeifilia
917 2705 1005 2774 (Hyg.
1021 2705 1089 2773 155).
1196 2707 1267 2758 545.
1285 2707 1332 2758 Vt

180 2793 263 2843 puer
293 2777 491 2839 Harpagides
522 2774 594 2828 filius
626 2774 763 2844 Harpagi.
812 2775 989 2845 ‘Harpagus,
1020 2792 1038 2828 a
1062 2791 1117 2844 quo
1149 2772 1331 2854 Harpagides

180 2845 406 2929 patronymicum
425 2844 551 2912 trahitur,
569 2844 620 2898 fuit
639 2845 746 2898 amicus
764 2845 897 2914 Astyagis
921 2846 1072 2899 Medorum
1093 2844 1188 2914 regis;
1215 2861 1259 2898 cur
1282 2862 1332 2898 rex

182 2927 277 2985 natue,
296 2915 373 2985 quod
393 2917 497 2984 Cyrum
515 2933 549 2970 ex
568 2914 625 2969 filia
644 2925 777 2984 nepotem
797 2917 892 2970 uiuere
914 2915 1106 2986 comperisset,
1125 2932 1210 2984 quern
1231 2914 1279 2983 illi,
1299 2925 1330 2970 ut

181 2988 238 3042 fido
257 2997 285 3041 et
303 3003 469 3040 arcanorum
488 2985 618 3054 participi
636 2986 796 3040 necandum
814 2986 976 3054 tradiderat,
995 2985 1138 3056 proprium
1157 2985 1244 3038 filium
1263 3002 1331 3054 epu·

181 3058 298 3113 landum
311 3056 458 3126 apposuit'
494 3055 660 3110 Laurentius
673 3056 845 3125 Abstemius‚
859 3057 906 3126 qui
923 3057 1029 3126 primus
1046 3058 1140 3110 locum
1156 3065 1233 3110 recte
1246 3055 1331 3111 inter-

182 3138 308 3198 pretatus
321 3137 372 3181 est.
410 3129 483 3180 Rem
495 3137 610 3180 narrant
625 3127 787 3182 Herodotus
800 3127 818 3182 i.
832 3141 959 3196 117-119,
975 3126 1097 3182 Iustinus
1111 3127 1128 3179 i.
1141 3138 1164 3195 5.
1211 3129 1331 3182 referas

182 3202 326 3262 exempla
349 3200 510 3265 Thyestae,
535 3206 563 3251 et
585 3198 728 3265 Thyestae
752 3207 780 3252 et
807 3200 943 3267 Harpago
968 3197 1098 3267 apposita
1122 3206 1186 3251 sunt
1211 3213 1331 3266 corpora

182 3269 302 3323 filiorum
323 3277 434 3337 praeter
452 3276 537 3336 caput
558 3268 646 3336 pedes
668 3284 769 3322 manus
791 3267 905 3337 (Aesch.
924 3271 978 3338 Ag.
1000 3280 1074 3336 1594,
1100 3267 1205 3323 Herod.
1225 3266 1242 3321 i.
1260 3267 1329 3338 119).

181 3343 252 3395 546.
269 3343 393 3393 ttisoera
409 3342 519 3403 patris.
556 3340 608 3407 Ag.
625 3351 691 3408 1097
704 3338 800 3392 Ὀπτάς
811 3360 839 3391 τε
851 3339 949 3407 σάρκας
964 3340 1028 3407 πρὸς
1044 3339 1140 3407 πατρὸς
1155 3337 1330 3407 βεβρωμένας.

182 3414 249 3466 547.
269 3413 400 3476 Trunca,
414 3426 453 3462 sc.
466 3409 602 3463 membra.
658 3412 821 3477 mutilatis,
836 3409 961 3463 ‘hacked
974 3408 1002 3462 in
1015 3408 1126 3477 pieces.'
1184 3411 1330 3472 pertibus

182 3482 251 3552 quid
263 3481 298 3535 sit
309 3480 392 3534 docet
404 3481 442 3533 M.
452 3479 506 3532 xiv.
515 3479 546 3532 61
558 3481 655 3549 premo
664 3497 720 3533 non
732 3481 846 3534 credens
856 3482 981 3551 cerpem‘s
992 3481 1059 3533 illas
1068 3481 1139 3533 Esse
1147 3481 1196 3532 sui
1206 3488 1330 3548 partes,

180 3555 215 3618 64
234 3553 276 3605 Et
293 3555 394 3621 corpus
410 3567 546 3619 quaerens
547 3550 702 3674 semorum
719 3567 890 3620 crurumque
902 3552 1062 3620 pedumque
1081 3550 1224 3604 Cerbereos
1242 3551 1331 3603 rictus

176 3628 233 3694 pre
245 3621 401 3691 partibus
414 3622 526 3674 z'rmem't
536 3622 549 3673 i
559 3621 603 3675 lis.
634 3620 686 3674 xiv.
700 3633 746 3689 541
762 3638 905 3675 nemorum
912 3625 1013 3702 partes
1023 3625 1051 3673 et
1062 3621 1184 3674 membra
1196 3636 1328 3674 meorum.

181 3697 253 3748 548.
271 3696 451 3746 Mamertae.
490 3690 537 3745 Sic
552 3691 720 3745 Merkelium
736 3700 848 3745 secutus
865 3691 972 3761 scnpsi,
985 3707 1042 3744 non
1057 3700 1088 3744 ut
1101 3690 1226 3761 plerique
1238 3690 1329 3742 Mim-

181 3764 281 3819 nermi.
302 3765 387 3816 Hunc
399 3763 569 3815 Mamertam
579 3761 700 3816 eundem
710 3763 802 3816 habeo
813 3761 860 3832 qui
870 3764 1031 3816 Mamercus
1041 3779 1058 3815 a
1069 3762 1219 3815 Plutarcho
1227 3759 1329 3816 Timol.

182 3834 238 3901 xiii,
259 3832 331 3900 xxxi,
352 3831 441 3899 xxxiv,
463 3830 549 3885 Diod.
567 3831 619 3886 xvi.
639 3832 682 3900 69,
706 3834 788 3887 Corn.
812 3834 885 3902 Nep.
908 3832 981 3887 Tim.
999 3831 1026 3900 ii,
1049 3847 1066 3885 a
1088 3833 1232 3900 Polyaeno
1249 3849 1276 3884 v.
1297 3845 1328 3884 12

184 3903 339 3958 Milarchus
364 3901 471 3954 dicitur.
519 3901 584 3955 Fuit
608 3912 743 3971 tyrannus
769 3902 979 3971 Catanensium,
1005 3911 1032 3956 et
1057 3919 1122 3956 cum
1147 3901 1209 3955 aliis
1233 3900 1330 3954 Timo·

181 3975 304 4028 leontem
324 3988 473 4041 aggressus
490 3981 541 4039 est,
560 3988 625 4025 mox
643 3973 679 4027 ab
693 3990 728 4027 eo
746 3972 836 4027 uictus
855 3974 892 4028 ad
911 3974 1015 4027 flumen
1031 3972 1154 4026 Abolum
1174 3970 1329 4025 Lucaniam

181 4062 246 4098 curn
268 4043 358 4096 classe
376 4042 569 4097 aduehebatur
590 4052 619 4097 ut
640 4042 706 4097 inde
727 4043 830 4098 auxilia
850 4054 1015 4114 asportaret,
1034 4060 1099 4096 curn
1117 4042 1263 4096 retroactis
1282 4041 1329 4096 tri·

181 4114 305 4168 remibus
328 4112 374 4183 qui
395 4129 458 4166 cum
478 4130 513 4167 eo
535 4123 614 4168 erant
636 4113 664 4167 in
690 4113 815 4168 Siciliam
834 4124 1011 4170 reuertuntur
1029 4123 1056 4168 et
1076 4115 1215 4168 Catanam
1233 4112 1331 4166 Timo-

182 4184 268 4239 leonti
293 4184 424 4253 produnt.
462 4186 623 4238 Mamercus
650 4187 802 4239 Messenen
826 4185 864 4239 ad
887 4185 1059 4254 Hipponem,
1087 4183 1147 4238 eius
1168 4193 1329 4251 tyrannum,

182 4254 326 4324 confugit:
355 4270 411 4323 quo
432 4264 516 4323 capto
538 4264 565 4309 et
587 4272 638 4324 per
661 4265 802 4309 tormenta
825 4254 995 4323 interempto
1019 4255 1080 4323 ipse
1105 4271 1135 4309 se
1157 4251 1329 4307 Timoleonti

181 4326 305 4380 tradidit.
350 4324 396 4378 Ab
421 4325 475 4378 hoc
499 4325 602 4379 missus
628 4326 791 4394 Syracusas,
816 4325 844 4379 in
869 4327 979 4380 theatro
1003 4335 1122 4380 conatus
1146 4341 1177 4378 se
1202 4323 1330 4378 oratione

182 4397 342 4464 defendere,
364 4412 428 4448 cum
452 4395 569 4465 strepitu
594 4395 768 4450 audientium
792 4396 974 4466 exciperetur,
999 4395 1071 4449 illiso
1096 4395 1188 4464 capite
1213 4394 1241 4448 in
1264 4394 1329 4447 sub·

182 4468 291 4522 sellium
304 4476 425 4521 mortem
438 4465 491 4521 sibi
504 4466 651 4536 inferebat,
660 4467 712 4521 sed
723 4466 804 4522 uiuus
818 4468 956 4522 abductus
966 4466 1074 4536 piratae
1084 4483 1162 4521 more
1175 4464 1329 4520 exstinctus
