3038 5010
597 415 925 478 PROLEGOMENA.
1261 438 1339 480 xxxv

187 576 253 634 Ibin
268 575 415 651 scripsisse
430 574 640 633 Callimachum
660 591 722 631 non
736 574 829 649 magis
850 573 919 632 hiuc
941 573 1107 649 collegerim
1127 592 1217 651 quam
1230 594 1331 635 uersus

186 659 267 734 ipsos
281 676 317 716 ex
331 657 448 715 Graeco
462 665 549 732 poeta
563 656 666 713 ductos
680 655 725 713 uel
740 673 893 730 expressos
907 673 988 714 esse:
1018 673 1087 713 nam
1101 656 1181 731 ipsae
1195 657 1331 717 historiae

187 757 263 816 quae
277 741 307 797 in
321 738 439 796 scholiis
452 737 585 813 leguntur
599 753 660 794 non
673 753 738 794 raro
754 736 876 795 ficticiae
890 746 964 794 sunt.

228 820 299 878 Non
319 820 405 894 igitur
418 818 530 888 iacebit,
546 836 594 876 me
613 817 714 889 iudice,
728 818 888 876 inueterata
906 819 965 875 iam
984 817 1021 876 de
1036 817 1232 878 Callimachea
1246 819 1330 878 Ibide

186 901 296 978 opinio.
327 900 427 959 Fuerit
440 900 562 975 exiguus
575 899 694 969 libellus,
710 909 739 957 et
752 899 845 957 multo
859 899 956 957 minor
971 898 1131 971 Ouidiana;
1154 911 1183 959 at
1197 900 1330 960 historias

186 982 287 1042 habuit
303 991 332 1039 et
351 982 563 1058 inprecationes
577 979 847 1050 aniculae—modo
866 990 943 1039 recte
962 981 1132 1058 interpretes
1147 981 1183 1040 de
1197 1000 1245 1040 uu.
1262 1001 1330 1056 449,
1430 978 1432 983 ’

188 1080 247 1138 450
261 1063 500 1133 iudicarint—et,
515 1061 596 1139 quod
616 1079 652 1119 ex
668 1060 757 1119 Suida
778 1061 929 1136 colligitur,
949 1062 1039 1137 ipsius
1057 1061 1216 1138 Apollonii.
1259 1062 1331 1140 Epi-

186 1163 319 1220 gramma
342 1160 403 1201 non
427 1142 488 1214 suit,
510 1143 630 1201 fortasse
650 1161 688 1200 ne
709 1142 839 1216 elegiaco
860 1142 979 1219 quidem
1003 1154 1095 1203 metro
1117 1144 1254 1221 scriptum
1277 1153 1328 1218 est,

186 1228 238 1287 sed
252 1227 290 1284 ad
304 1225 472 1301 exemplum
486 1224 623 1282 Dirarum
637 1242 712 1300 quae
727 1222 834 1282 Catoni
848 1225 1047 1300 adsignantur.

724 1496 798 1568 ΙΙΙ.

226 1689 263 1747 In
277 1689 343 1748 Ibin
361 1689 511 1748 uolucrem
525 1685 597 1766 (duo
614 1704 723 1763 genera
741 1686 919 1746 tradiderunt
933 1687 1051 1763 antiqui,
1067 1686 1184 1764 nigrum
1199 1689 1327 1762 alterum,

186 1770 306 1829 alterum
320 1771 477 1831 candidum
495 1770 549 1828 nisi
564 1768 644 1845 quod
663 1769 757 1842 nigrat
776 1768 871 1845 aliqua
885 1778 976 1844 parte,
990 1779 1022 1825 ut
1036 1770 1129 1844 capite
1144 1770 1219 1829 collo
1235 1782 1329 1830 extre·

174 1853 331 1912 mitatibus
345 1853 501 1928 pinnarum
518 1870 552 1909 ac
569 1850 649 1926 tergi,
664 1849 776 1908 Herod.
791 1849 818 1908 ii.
836 1852 882 1924 76,
903 1848 990 1909 Arist.
1006 1849 1046 1906 H.
1061 1851 1097 1907 A.
1113 1851 1151 1909 ix.
1170 1870 1235 1927 103,
1255 1851 1328 1912 Plin.

185 1952 213 1990 x.
230 1931 280 2011 87)
295 1934 365 2010 quid
380 1931 574 1992 Callimachus
588 1931 754 2007 inprecatus
768 1930 803 1989 sit
818 1932 985 1990 conlectura
1001 1940 1114 1991 tantum
1131 1943 1183 1991 est.
1228 1933 1328 1991 Vnum

185 2015 288 2089 poterit
302 2034 338 2073 ex
355 2013 462 2074 Ouidio
478 2013 582 2089 colligi.
624 2013 668 2071 Ib.
684 2031 743 2086 449

388 2094 426 2153 Et
447 2096 552 2171 quibus
573 2094 679 2170 exiguo
700 2093 826 2152 uolucris
848 2092 955 2152 deuota
975 2093 1072 2153 libello
1094 2105 1145 2165 est,

430 2175 563 2252 Corpora
583 2176 711 2250 proiecta
732 2193 807 2251 quae
828 2193 880 2233 sua
901 2185 1006 2250 purgat
1026 2193 1110 2252 aqua,

185 2257 222 2315 ad
246 2275 321 2332 quae
343 2257 440 2316 Schol.
462 2257 610 2316 Galeanus
633 2254 805 2314 Collaiuacus
815 2258 892 2334 fecit
910 2258 940 2314 in
961 2258 1101 2330 quemdam
1123 2258 1264 2316 ziu'micum
1285 2260 1329 2316 in·

184 2342 322 2408 uectz'onea
332 2341 411 2396 cuius
425 2339 591 2415 nomensuit
602 2337 655 2395 ibis
667 2340 685 2394 i.
700 2338 839 2395 dernum'a
852 2356 920 2411 quae
933 2357 960 2395 se
974 2345 1065 2396 rastra
1076 2340 1196 2415 aufertur
1204 2347 1330 2416 purgat:

184 2420 369 2478 Askeuianus
393 2419 563 2479 Callimacur
584 2421 615 2476 in
637 2418 763 2476 uiuidum
783 2419 903 2476 scra'bcns
920 2428 974 2494 pra
994 2421 1053 2477 aar
1073 2421 1249 2478 immunditia
1269 2441 1328 2479 euna

180 2502 282 2566 ,r'ba'clem
297 2503 327 2559 in
340 2501 412 2558 libro
426 2520 475 2558 sua
488 2501 646 2576 appellauit,
657 2501 724 2574 quia
737 2499 791 2557 ibis
805 2520 827 2558 s.
841 2502 945 2558 ciconia
959 2507 1050 2558 rostro
1060 2507 1168 2577 purgat
1176 2505 1329 2576 posteriora

183 2591 210 2640 et
226 2585 257 2641 in
275 2584 325 2640 doc
344 2588 496 2640 exercetur.
538 2581 624 2639 Haec
645 2581 669 2639 si
687 2598 756 2640 uere
775 2581 890 2639 tradunt
911 2581 1092 2652 scholiastae,
1108 2592 1221 2642 notarat
1239 2581 1328 2660 Cyre-

183 2681 275 2722 naeus
285 2664 487 2722 inmunditiam
499 2662 647 2740 quandam
658 2680 716 2738 qua
727 2662 788 2720 auis
800 2663 828 2719 in
841 2663 994 2738 purgando
1004 2679 1126 2738 corpore
1136 2662 1257 2724 utatur.*
1280 2664 1328 2724 Sic

183 2763 253 2804 sane
267 2744 376 2803 Plinius
391 2744 431 2802 H.
446 2743 484 2803 N.
495 2745 602 2818 viii.'97
619 2742 718 2802 Sz'mile
731 2744 861 2818 quiddam
875 2749 902 2800 et
918 2746 1041 2802 uolucris
1055 2746 1085 2801 z'n
1099 2745 1188 2803 eadem
1202 2745 1329 2822 Aegypta

183 2829 354 2895 monstrauit,
364 2845 432 2901 quae
446 2833 560 2883 uocatur
571 2826 632 2895 ibai,
644 2827 734 2883 rostri
744 2825 899 2883 aduncitate
906 2834 959 2900 per
972 2844 1031 2883 eam
1042 2831 1148 2900 parum
1162 2846 1189 2884 se
1197 2829 1329 2902 perlutus

182 2927 237 2982 qua
258 2908 340 2965 reddi
356 2907 479 2965 cz'barum
500 2925 582 2964 onera
603 2925 736 2965 maxume
755 2905 866 2964 salubre
886 2914 932 2966 est.
974 2906 1112 2965 Aelianus
1134 2906 1175 2966 H.
1190 2910 1225 2966 A.
1243 2909 1270 2965 ii.
1288 2923 1326 2984 35

183 2989 316 3062 Αἰγύπτιοι
338 2988 473 3060 κλύσματα
494 2991 534 3044 καὶ
554 2990 678 3060 κάθαρσιν
698 2990 811 3061 γαστρὸς
833 2991 878 3043 οὐκ
901 2990 929 3043 ἔκ
952 3011 1021 3047 τινος
1041 2990 1151 3047 ε’πινοίας
1173 2989 1328 3063 ἀνθρωπίνης

182 3071 291 3144 λέγουσι
304 3071 401 3141 μαθεῖν,
416 3072 572 3126 διδάσκαλον
586 3071 614 3124 δὲ
629 3071 711 3140 σφίσι
725 3074 770 3124 τοῦ
784 3071 888 3140 ἰάματος
901 3072 975 3125 τοῦδε
988 3071 1034 3139 τὴν
1047 3065 1100 3136 ἶβιν
1113 3068 1228 3141 ᾅδουσιν.
1265 3069 1326 3129 Cic.

181 3149 219 3208 de
241 3150 278 3208 N.
293 3150 330 3208 D.
345 3151 372 3208 il.
391 3153 447 3208 126
472 3149 616 3207 Vomitiona
639 3168 727 3221 canes,
744 3157 872 3226 purgatu
895 3157 984 3208 aulem
1004 3150 1083 3207 aluos
1102 3149 1157 3207 ibes
1177 3149 1328 3230 Aegyptiae

181 3238 290 3290 curant.
332 3231 404 3290 Plut.
424 3232 461 3291 de
482 3231 521 3290 IS.
541 3241 570 3290 et
591 3229 666 3290 Osis.
685 3249 709 3289 c.
726 3243 763 3306 75
782 3233 816 3287 ‘H
836 3233 864 3287 δὲ
886 3228 939 3298 ἶβις
957 3232 1057 3302 ἐδίδαξε
1076 3234 1164 3304 πρώτη
1185 3236 1328 3302 κενώματος

182 3315 293 3386 ἰατρικοῦ
313 3315 403 3386 χρείαν
423 3314 568 3370 κατιδόντας
588 3311 653 3368 οὕτω
678 3313 831 3383 κλυζομένην
850 3316 891 3369 καὶ
914 3313 1093 3385 καθαιρομένην
1113 3313 1158 3385 ὑφ’
1180 3315 1276 3384 ἑαυτῆς,
1298 3322 1328 3372 et

181 3393 274 3452 multo
283 3395 399 3452 uberius
411 3393 556 3468 Georgius
567 3391 663 3451 Pisida
677 3412 765 3469 quem
779 3393 817 3451 ad
831 3411 948 3452 uersum
960 3407 1019 3466 450
1035 3392 1206 3467 Saluagnius
1219 3393 1324 3452 citauit.

182 3474 238 3533 His
257 3476 295 3533 ab
309 3475 445 3533 omnibus
460 3474 519 3533 Ibis
540 3475 639 3532 aluum
658 3475 764 3534 iniecta
784 3493 836 3550 per
855 3484 980 3532 rostrum
999 3492 1075 3550 aqua
1092 3492 1216 3550 purgare
1232 3475 1326 3535 credi·

181 3567 235 3626 tur,
251 3555 323 3614 falso
342 3556 372 3614 id
391 3557 518 3633 quidem,
533 3566 565 3614 ut
579 3555 665 3613 docet
680 3555 862 3631 Sauignius†
876 3556 906 3613 in
924 3555 1021 3615 libello
1035 3572 1124 3632 quem
1141 3554 1178 3613 de
1196 3556 1251 3615 hac
1271 3575 1326 3616 aue

181 3639 302 3713 scripsit,
324 3638 376 3696 sed
397 3647 478 3696 tanto
498 3654 643 3696 consensu
662 3645 694 3695 ut
715 3638 817 3696 merito
839 3638 918 3696 idem
938 3655 1019 3696 error
1039 3636 1219 3695 Callimacho
1240 3638 1324 3714 inpu-

181 3728 263 3777 tetur.
294 3718 482 3794 Quamquam
496 3718 567 3776 nihil
580 3728 640 3776 tam
654 3717 798 3793 singulare
809 3737 846 3775 ex
857 3718 953 3776 uerbis
964 3717 1063 3778 Ouidii
1074 3717 1248 3777 elidendum
1263 3728 1324 3778 est:

180 3809 293 3858 tantum
301 3800 371 3858 dicit
384 3818 469 3858 auem
480 3817 587 3876 aquam
597 3799 728 3875 proicere
739 3817 796 3876 qua
810 3817 917 3875 corpus
931 3808 1044 3875 purget.
1079 3798 1119 3857 At
1128 3799 1185 3858 hoc
1196 3801 1324 3860 mundae

181 3883 242 3940 auis
257 3891 319 3952 est;
342 3880 440 3951 audio,
455 3881 508 3938 sed
524 3889 555 3938 ut
572 3881 671 3938 sordes
687 3880 783 3939 abluat
797 3899 869 3957 quas
890 3899 927 3939 ex
945 3880 1051 3938 limosa
1069 3879 1160 3939 humo
1178 3881 1226 3939 uel
1247 3899 1324 3958 aqua

181 3981 295 4038 semper
304 3962 420 4038 colligit.
443 3961 540 4020 Testis
550 3960 688 4019 Aelianus
699 3980 726 4018 x.
740 3980 775 4036 29
786 3967 923 4034 Πανταχοῦ
937 3964 964 4017 δὲ
980 3963 1097 4017 καθιεῖσα
1110 3960 1162 4028 ἶβις
1171 3965 1201 4017 τὸ
1211 3963 1322 4034 ῥάμφος,

180 4044 370 4118 τῶνρυπαρῶν
390 4047 588 4117 καταφρονοῦσα
611 4045 652 4099 καί
675 4045 834 4114 ἐμβαίνουσα
857 4046 943 4101 αὐτοῖς
964 4043 1029 4114 ὑπὲρ
1043 4037 1098 4098 ’τοῦ
1120 4046 1161 4097 καὶ
1183 4045 1278 4099 ἐκεῖθέν
1299 4068 1323 4100 τι

214 4209 228 4242 *
245 4207 317 4255 Simili
329 4208 401 4254 modo
412 4207 508 4255 creditur
521 4207 643 4267 Hipponax
655 4207 768 4266 Bupalum
779 4216 868 4254 uomsse
879 4204 1011 4268 χαραδριὸν
1022 4204 1136 4260 uocando,
1148 4221 1206 4265 quae
1216 4207 1264 4253 auis
1275 4205 1325 4266 ἅμα

180 4274 215 4334 τῷ
229 4270 318 4320 ἐσθίειν
334 4269 443 4334 ἐκκρίνει,
455 4273 515 4319 unde
530 4269 806 4332 μεσσηγυδορποχίατης
821 4269 898 4333 ἤγουν
912 4269 938 4319 δς
952 4269 1084 4331 μεσοῦντος
1096 4268 1190 4317 δείπνου
1206 4269 1325 4320 πολλάκις

175 4336 339 4414 ιἀποπατεζιῖνς
348 4334 421 4384 πάλιν
432 4335 592 4396 ἐμπίπλασθαι
604 4336 668 4384 Eust.
680 4337 709 4383 ad
720 4338 792 4398 Odys.
805 4337 867 4399 1837
879 4337 941 4384 idem
953 4337 1029 4385 uocari
1040 4343 1130 4397 poterat
1142 4336 1206 4397 (Ten
1219 4337 1291 4384 Brink
1300 4339 1324 4382 in

180 4402 469 4525 Philioiiivsiogdeirsaidrelle
479 4476 503 4514 et
514 4467 688 4535 mythologique
700 4468 728 4515 de
740 4466 800 4515 l'Ibis
811 4483 850 4529 par
861 4467 1003 4526 Juleecasar
1014 4466 1122 4530 Sauigny,
1133 4466 1194 4512 Paris
1208 4466 1277 4525 1805.

724 4551 740 4591 C
757 4553 772 4590 2
