3038 5010
209 395 248 450 54

678 384 860 448 SCHOLIA

253 569 319 625 290.
342 547 403 606 Per
430 556 531 624 caput
557 546 699 605 infusae.
740 544 842 604 MInos
867 543 904 601 ab
929 541 1044 619 hospite
1069 541 1181 605 Cocalo
1208 543 1239 601 in
1262 541 1359 602 Sicilia

209 631 302 691 calida
317 629 449 707 perfusus
464 648 541 706 aqua
555 630 585 687 in
599 628 711 686 balneis
725 637 858 686 mortuus
873 634 924 682 est.
966 624 1005 683 P.

251 711 377 770 Cocalus
401 729 452 769 rex
482 710 593 769 Siciliae
619 709 763 779 Minoem,

210 794 281 852 dum
291 792 686 868 persequereturDaedalum,
696 792 765 866 quia

210 874 374 951 Pasiphaen
388 891 510 932 uxorem
527 891 609 932 suam
626 871 766 930 fabricata

210 974 301 1015 uacca
312 972 418 1013 acerna
433 973 500 1013 cum
514 966 598 1013 tauro
610 954 688 1012 coire
697 954 766 1011 fecit

211 1047 240 1097 et
253 1036 372 1094 tandem
384 1035 421 1093 ad
433 1035 574 1094 Cocalum
586 1032 765 1111 confugerat,

212 1117 305 1258 ΞοΙΙὶἀο
332 1134 409 1195 aqua
435 1117 585 1194 perfusum
616 1116 765 1175 interfecit

253 1217 311 1257 ure.

259 1862 326 1919 ²91·
362 1841 474 1918 thue
512 1859 628 1917 parum
668 1844 768 1902 mltis.

215 1925 407 1984 Prometheus
422 1924 496 1981 filius
510 1922 603 1998 Iapeti
617 1925 684 1999 quia
698 1943 768 1984 con-

159 2002 162 2009 ’
216 2008 320 2066 cedere
330 2006 769 2079 maloremparteminsacrificio

217 2088 282 2146 Ioui
306 2104 372 2145 mos
390 2085 452 2155 fuit,
470 2085 569 2143 doluit.
609 2085 686 2146 Cum
707 2089 771 2163 ipse

218 2168 400 2237 sacrificaret,
431 2183 549 2224 carnem
584 2169 622 2225 ab
656 2170 781 2228 ossibus¹

217 2249 363 2326 separauit
387 2257 416 2305 et
439 2247 506 2305 haec
533 2265 621 2307 sacco
649 2250 771 2309 inclusit.

218 2330 328 2407 Iupiter
350 2327 472 2388 credens
495 2329 637 2388 maiorem
659 2342 772 2409 partem

217 2413 249 2470 in
269 2428 366 2481 sacco,
382 2409 493 2486 rapuit:
524 2409 627 2470 uidens
648 2432 719 2473 uero
742 2432 773 2472 se

219 2493 361 2562 delusum,
384 2491 484 2566 ignem
508 2492 624 2551 abstulit
647 2494 772 2553 homini·

219 2575 283 2633 bus.
331 2571 522 2630 Prometheus
549 2590 620 2634 uero
647 2577 678 2634 in
706 2577 774 2635 cris-

218 2655 288 2714 tallo
307 2654 395 2713 radiis
416 2654 487 2712 solis
507 2653 646 2715 calefacto
667 2675 774 2733 aquam

219 2737 318 2814 posuit
332 2745 361 2794 et
374 2735 415 2793 ita
428 2735 540 2793 inuenit
553 2737 665 2812 ignem:
684 2757 774 2815 quare

219 2817 330 2893 Iupiter
354 2817 432 2874 misit
457 2833 524 2874 eum
552 2818 583 2876 in
609 2819 774 2879 Caucasum

220 2908 354 2957 montem
371 2897 532 2957 uulturibus
548 2902 773 2962 comedendum.

222 2979 261 3040 G.

846 704 1360 782 DumDaedalusfugareturaMinoe

806 787 879 864 fugit
899 787 935 845 ad
954 786 1096 846 Cocalum
1114 805 1212 863 regern
1232 787 1360 846 amicum

806 887 901 939 suum,
917 869 966 945 qui
980 887 1034 944 pro
1052 887 1088 928 eo
1106 869 1204 944 coepit
1218 869 1359 944 proeliari.

806 951 894 1008 Vnde
905 968 982 1026 aqua
990 950 1083 1008 calida
1092 949 1217 1025 perfudit
1227 949 1360 1008 Minoem

806 1033 836 1090 in
857 1030 986 1107 hospitio
1009 1041 1167 1107 receptum.
1211 1031 1258 1088 Sic
1280 1049 1361 1089 corn·

806 1115 908 1172 bustus
923 1124 966 1171 est
980 1130 1031 1171 rex
1047 1111 1155 1171 Minos.
1201 1111 1265 1172 Cet
1277 1110 1347 1170 Ast.

850 1273 931 1333 Dum
959 1272 1105 1351 agricolae
1134 1273 1188 1333 diis
1219 1273 1361 1333 sacrifica·

810 1357 1029 1426 bant‚diitotam
1039 1372 1156 1414 carnem
1168 1356 1362 1415 comedebant

810 1438 937 1513 nihilque
952 1438 1127 1513 pauperibus
1138 1439 1252 1497 rusticis
1266 1437 1362 1496 dimit·

810 1521 918 1578 tebant
972 1517 1065 1590 Quod
1105 1519 1210 1577 uidens
1245 1519 1362 1577 Prome-

809 1600 894 1659 theus
908 1599 1001 1676 Iapeti
1012 1599 1153 1676 filius,qui
1167 1609 1228 1659 erat
1241 1600 1364 1657 nimium

811 1680 1364 1756 callidus,uocatisdiisetostensoquod

809 1764 920 1821 malum
943 1773 1003 1821 erat
1027 1762 1159 1843 sacrificii
1182 1780 1299 1820 carnem
1321 1763 1364 1818 in·

811 1861 965 1920 corporate
989 1852 1017 1901 et
1041 1844 1153 1902 rusticis
1178 1844 1249 1901 nihil
1274 1861 1365 1901 reser-

810 1944 889 1995 uare,
924 1925 1067 2000 persuasit
1104 1925 1145 1983 eis
1176 1934 1208 1983 ut
1237 1924 1370 1982 mediam-

811 2016 923 2083 partem
938 2007 1102 2082 acciperent
1121 2015 1150 2064 et
1170 2005 1257 2064 aliam
1271 2005 1364 2063 dimit·

812 2095 923 2146 terent:
957 2087 1038 2164 quod
1061 2087 1115 2145 diis
1137 2087 1204 2145 satis
1228 2087 1367 2145 omnibus

812 2169 922 2245 placuit
953 2179 982 2226 et
1015 2169 1102 2226 etiam
1130 2167 1204 2227 Ioui.
1260 2167 1367 2225 Postea

813 2248 1005 2308 Prometheus
1034 2249 1172 2307 mactauit
1199 2251 1307 2307 bouem
1335 2249 1366 2305 in

814 2331 936 2390 deorum
959 2331 1138 2402 sacrificium,
1167 2337 1196 2389 et
1223 2330 1368 2406 separauit

814 2430 932 2470 carnem
955 2412 992 2470 ab
1017 2413 1141 2482 ossibus,
1164 2422 1192 2470 et
1213 2422 1368 2487 utramque

814 2503 926 2570 partem
946 2493 1027 2551 corio
1049 2493 1134 2551 bouis
1157 2493 1316 2568 cooperuit,
1339 2501 1368 2551 et

815 2585 919 2651 postea
937 2573 1042 2633 Iouem
1064 2583 1092 2632 et
1111 2574 1183 2634 alios
1203 2576 1275 2633 deos
1296 2591 1369 2632 con-

815 2657 940 2726 uocauit,
962 2656 1068 2731 quibus
1090 2664 1122 2713 ut
1146 2673 1235 2732 qnam
1260 2655 1374 2713 uellent

815 2730 928 2814 partem
942 2737 1081 2813 eligerent
1096 2737 1233 2811 permisit
1259 2735 1370 2812 Iupiter

815 2837 887 2878 uero
901 2836 1017 2876 osseam
1034 2828 1146 2893 partem
1165 2816 1288 2876 credens
1302 2834 1369 2876 esse

814 2901 955 2958 maiorem
974 2898 1086 2974 accepit
1106 2909 1135 2957 et
1154 2898 1268 2958 sublato
1288 2899 1369 2958 corio

814 2999 883 3058 prae
894 2981 985 3038 nimio
991 2979 1092 3038 dolore
1099 2981 1254 3039 obmutuit:
1270 2989 1370 3038 tamen

815 3062 894 3133 dixit,
910 3062 989 3135 Quia
1009 3061 1148 3137 decepisti
1169 3079 1216 3119 me
1237 3070 1267 3119 et
1287 3060 1371 3132 alios

815 3144 930 3214 falleriS,
951 3143 1051 3218 ignem
1076 3142 1154 3201 unde
1179 3142 1312 3219 coquitur
1333 3161 1370 3201 ex
1418 3164 1420 3168 ·

816 3234 879 3284 toto
902 3225 1027 3300 negabo.
1071 3223 1159 3282 Tunc
1180 3223 1371 3282 Prometheus

815 3300 997 3445 {calliditate}
1009 3304 1133 3364 inuictus
1145 3305 1182 3363 ad
1196 3315 1289 3363 rotam
1303 3305 1371 3363 solis

829 3405 913 3447 acem
925 3404 1079 3463 apponens
1090 3381 1210 3465 [ipsam]
1222 3386 1260 3444 ad
1273 3386 1372 3445 radios

817 3470 880 3528 eius
913 3468 1054 3526 accendit.
1106 3466 1193 3525 Vnde
1221 3478 1372 3526 reuertens

818 3569 836 3608 a
864 3548 937 3608 Ioue
964 3548 1131 3607 fulminatus
1160 3561 1204 3627 est
1232 3559 1260 3607 et
1288 3549 1373 3606 datus

819 3631 902 3689 cibus
910 3630 940 3687 in
950 3629 1084 3690 Caucaso
1093 3639 1193 3688 monte
1201 3630 1373 3690 uulturibus

261 3757 321 3806 ²90·
340 3738 477 3792 CacaloP
566 3737 697 3791 Crocalus
713 3741 791 3794 Mure
879 3741 966 3795 cilicie
985 3743 1063 3796 Mure
1150 3741 1281 3810 pasiphen
1296 3743 1374 3796 Mure

223 3826 240 3862 a
253 3810 350 3862 Minoe
367 3808 436 3875 fugit
448 3811 482 3862 ad
495 3829 543 3862 om.
556 3810 585 3876 C,
597 3811 708 3879 suppleui
721 3832 752 3864 ex
765 3812 830 3864 Ask.
902 3814 987 3866 talem
998 3828 1092 3880 regem
1109 3813 1132 3866 C
1173 3814 1218 3864 Ex
1231 3813 1306 3867 Bern.
1322 3826 1370 3876 711

222 3890 342 3934 enotarat
354 3880 493 3933 Merkelius
511 3880 627 3932 Cocalus
645 3880 731 3933 frater
746 3882 835 3935 dedali
851 3883 972 3937 minoem
990 3883 1131 3950 fugantem
1148 3882 1274 3936 dedalum
1287 3883 1375 3936 calida

223 3951 363 4018 perfusum
383 3966 453 4019 aqua
473 3950 613 4004 interfecit
634 3952 662 4004 in
684 3952 781 4018 Sicilia,
799 3953 874 4021 quod
889 3955 957 4006 dicit
975 3970 1002 4007 ο.
1035 4010 1040 4019 ,

1119 3955 1210 4007 Vitiare
1222 3955 1246 4006 G
1259 3955 1375 4006 Cacalus

224 4020 292 4072 filius
302 4021 405 4074 Minois
414 4021 540 4074 dedalum
549 4020 698 4088 fugientem
707 4029 736 4075 et
745 4022 862 4093 hospitio
875 4029 1032 4093 susceptum
1041 4039 1111 4093 aqua
1120 4022 1227 4077 semida
1234 4023 1375 4093 perfusum

221 4090 369 4144 interfecit.

261 4178 321 4227 291.
339 4161 499 4215 Philodemm
517 4163 577 4233 περὶ
594 4163 737 4227 Εὖσεβείας
757 4182 805 4231 129
827 4166 952 4236 Gomperz
969 4162 1096 4220 Ἠσίοδος
1113 4163 1136 4218 δ’
1152 4165 1201 4220 ὑπὸ
1218 4163 1377 4234 Προμηθέως

224 4231 274 4284 Ata
285 4233 451 4300 πλανώμενον
463 4234 531 4285 ὥστε
543 4233 602 4289 τοὺς
613 4235 660 4301 μὲν
671 4234 745 4290 θεοὺς
756 4237 788 4288 τὰ
800 4235 867 4289 ὀστᾶ
878 4239 977 4303 λαβεῖν,
990 4237 1050 4291 τοὺς
1061 4236 1085 4288 δ’
1097 4235 1247 4305 ἀνθρώπους
1257 4237 1288 4290 τὸ
1301 4235 1376 4302 κρέας

224 4303 366 4356 assibusG
443 4301 511 4356 haec
524 4306 611 4358 omG
702 4305 793 4375 aliam]
806 4307 899 4360 aliisC
978 4308 1043 4360 satis
1055 4307 1105 4358 diis
1118 4308 1183 4360 Ark.
1266 4312 1375 4374 partem

224 4379 371 4442 utramque
383 4375 448 4427 Ask.
514 4381 620 4442 partem
632 4375 736 4428 uellent
748 4379 814 4431 Ask.
876 4392 981 4430 osseam
993 4383 1100 4445 partem
1113 4377 1176 4430 tulit
1189 4377 1305 4430 credens
1317 4393 1376 4430 esse

224 4445 357 4498 maiorem
369 4446 433 4499 Ask.
518 4445 688 4504 minoremG
768 4446 915 4501 calliditate
928 4468 976 4502 om.
990 4450 1055 4503 Ask.
1134 4463 1273 4515 apponens
1285 4446 1376 4501 facem

227 4517 292 4568 Ast.
390 4515 474 4583 ipsam
492 4535 540 4571 om,
561 4518 638 4573 Ast..

725 4518 760 4571 ad
779 4518 837 4572 eius
854 4518 943 4572 radios
962 4519 985 4571 C
1080 4522 1122 4572 est
1139 4517 1297 4571 fulminatus
1309 4521 1375 4572 Ark.
