3038 5010
542 387 890 448 COMMENTARIVS.
1234 396 1290 448 107

142 546 176 602 Τ.
187 544 375 600 Vnderdown.
406 543 464 600 Sed
480 551 605 610 separat
623 561 679 597 non
692 554 735 599 est
747 543 900 614 separauit,
914 544 965 600 sed
978 543 1048 598 iram
1061 545 1097 598 ab
1109 544 1189 599 initio
1201 562 1291 616 usque

142 617 180 672 ad
194 617 289 671 Ouidii
302 627 430 686 tempora
442 616 559 670 durasse
573 615 720 684 significat.
768 633 848 680 pyra
859 618 943 670 Anth.
960 618 991 669 P.
1003 615 1049 669 vii.
1063 631 1123 684 399.
1139 630 1161 684 5,
1175 617 1192 670 6
1204 615 1292 670 Ἠνίδε

82 722 85 727 -
142 691 265 758 πυρκαϊῆς
282 688 372 740 όνισον
387 689 486 757 φλόγα·
508 687 628 754 δαιομένη
643 688 693 756 γὰρ
705 683 752 752 Ἐξ
770 689 825 741 ἑνὸς
842 687 879 740 εἶς
897 687 993 740 δισσὰν
1006 686 1077 754 δῆριν
1089 687 1291 756 ἀποστρέφεται.

141 761 192 813 44.
213 760 245 813 Il.
258 757 321 812 xxii.
336 759 386 811 262
405 757 450 813 ‘tls
462 757 507 810 οὐκ
519 757 577 811 ἐστὶ
589 757 681 810 λέουσι
700 757 739 809 καὶ
752 758 845 826 ἅρνασι
857 757 928 825 ὅρκια
941 757 1031 824 πιστά,
1045 757 1112 810 Οὐδὲ
1124 757 1198 811 λύκοι
1211 780 1238 809 τε
1251 758 1292 810 καλ

142 829 216 898 ἄρνες
228 832 363 910 ὁμόφρονα
376 829 456 897 θυμὸν
468 829 584 898 ἔχουσιν.
710 831 760 882 45.
780 833 889 892 coepto
907 844 1003 882 uersu
1021 827 1153 897 elegiaco,
1168 845 1223 897 quo
1236 829 1291 882 hoc

142 916 214 969 opus
227 916 307 969 coep1
321 899 451 953 scribere.
539 901 589 953 46.
607 902 686 963 pede
704 915 821 952 numero
834 908 864 952 ut
877 899 938 964 644.
1021 901 1070 954 47.
1087 902 1193 962 thue
1211 903 1292 963 petit

141 975 252 1035 primo.
292 970 462 1039 Metaphora
480 969 565 1023 ducta
583 987 601 1023 a
619 969 707 1023 milite
726 969 892 1039 proludente
911 970 948 1022 ad
967 986 1098 1037 pugnam.
1136 973 1182 1025 Vt
1199 973 1292 1024 hasta

141 1045 254 1095 militie
271 1044 412 1094 nondum
431 1043 555 1094 calfacti
572 1040 600 1094 h.
611 1057 634 1094 e.
648 1039 812 1110 priusquam
828 1039 998 1093 concaluerit
1015 1040 1115 1094 ardore
1129 1040 1290 1094 certaminis

141 1116 245 1176 primo
261 1115 341 1175 petit
358 1111 398 1164 ita
410 1111 537 1165 uibratur
548 1121 577 1163 ut
591 1111 675 1165 cadat
688 1110 716 1162 in
733 1114 836 1164 solum
852 1120 921 1179 puta
935 1109 1008 1164 Circi
1021 1127 1150 1179 sparsum
1163 1114 1290 1166 harena.

143 1183 311 1250 Saluagnius
330 1181 451 1235 similem
469 1183 563 1234 locum
582 1181 649 1234 citat
670 1181 814 1234 Ciceronis
836 1181 871 1234 de
892 1183 970 1235 Orat.
990 1180 1017 1235 ii.
1031 1183 1074 1248 78.
1087 1183 1139 1249 316
1157 1184 1200 1234 ait
1217 1183 1291 1235 r'dem

142 1269 205 1306 cum
224 1252 381 1306 bracchium
400 1251 603 1320 concalefeeerit
620 1257 681 1304 tum
699 1269 727 1304 se
744 1253 829 1304 solere
844 1256 983 1322 pugnare,
1002 1268 1088 1320 neque
1100 1253 1229 1306 attendit
1248 1269 1293 1305 eos

141 1325 216 1393 ipsos
228 1324 302 1376 unde
315 1323 366 1377 hoc
379 1324 471 1376 simile
487 1323 573 1376 ducat
589 1323 657 1376 illas
669 1324 783 1392 primas
798 1322 897 1376 bastas
913 1324 956 1377 ita
974 1324 1079 1376 iactare
1097 1324 1199 1376 leniter
1215 1329 1248 1376 ut
1265 1328 1292 1375 et

141 1396 287 1447 uenustati
298 1395 345 1447 uel
356 1395 477 1447 maxime
488 1395 617 1446 seruiunt
633 1399 661 1447 et
678 1394 796 1462 reliquis
810 1393 920 1447 uim'bus
930 1394 991 1446 suis
1002 1394 1156 1447 consulant.
1193 1395 1292 1462 Neque

141 1469 183 1517 est
199 1465 314 1519 dubium
333 1467 403 1534 quin
421 1464 567 1517 exordium
587 1464 699 1517 dicendi
717 1464 862 1517 uehemens
878 1469 907 1517 et
921 1467 1046 1534 pugnax
1064 1480 1121 1516 non
1138 1469 1219 1534 saepe
1235 1482 1292 1516 esse

141 1535 253 1599 debeat;
273 1536 323 1589 sed
336 1537 364 1588 si
380 1537 410 1588 in
427 1536 489 1604 ipso
501 1534 552 1587 illo
565 1535 741 1604 gladiatom'o
754 1537 830 1588 uitae
841 1536 998 1602 certamine,
1011 1552 1066 1604 quo
1075 1535 1159 1604 ferro
1170 1536 1290 1589 decerni-

141 1611 198 1673 tur,
221 1611 315 1659 tamen
336 1614 412 1659 ante
437 1621 652 1672 congressum
678 1606 782 1658 multa
806 1604 891 1658 fiunt
913 1620 998 1674 quae
1020 1622 1085 1658 non
1107 1606 1149 1659 ad
1171 1606 1290 1658 uulnus

141 1676 199 1730 sed
224 1676 265 1730 a'd
289 1675 432 1745 speciem
456 1676 566 1729 ualere
591 1675 774 1743 uideantur,
796 1680 903 1745 quanto
927 1675 977 1728 hoc
1000 1678 1092 1746 magis
1112 1677 1144 1728 in
1165 1679 1292 1747 oratione

141 1747 363 1817 exspectandum.
401 1746 490 1800 Aliter
504 1746 657 1799 Merkelius
670 1745 717 1816 qui
735 1763 769 1799 ex
788 1747 819 1799 F.
834 1746 868 1799 vi.
883 1747 1013 1814 σος-208,
1028 1748 1106 1800 Seru.
1120 1747 1157 1800 ad
1169 1750 1240 1800 Aen.
1255 1746 1289 1801 ix.

144 1829 185 1885 53,
209 1816 315 1871 Placidi
337 1815 438 1886 glossis
460 1833 487 1886 p.
509 1826 560 1883 437
585 1816 653 1885 Mai,
675 1818 769 1870 locum
790 1816 910 1885 explicat
936 1817 971 1870 de
996 1816 1177 1885 clarigatione
1202 1817 1290 1886 patris

141 1887 252 1956 patrati,
266 1887 313 1957 qui
331 1887 418 1941 missa
436 1888 518 1940 hasta
534 1904 617 1956 super
634 1887 792 1940 columnam
813 1897 878 1940 ante
897 1886 998 1941 aedem
1013 1888 1146 1941 Bellonae
1165 1887 1193 1940 in
1208 1887 1290 1941 Circo

142 1957 282 2011 Flaminio
301 1959 406 2012 bellum
426 1957 576 2012 indicebat.
647 1961 697 2012 48.
722 1960 874 2011 Nondum
893 1961 1025 2012 calfacti.
1064 1958 1147 2011 Trist.
1167 1959 1202 2011 iv.
1217 1973 1241 2026 9.
1256 1973 1291 2026 29

143 2029 241 2082 Circus
257 2028 349 2082 adbuc
363 2034 457 2096 cessat,
470 2030 582 2098 spargit
599 2034 693 2082 tamen
711 2045 776 2082 acer
787 2029 923 2081 harenam
939 2030 1053 2081 Taurus
1070 2035 1097 2081 et
1114 2029 1214 2098 inserto
1231 2031 1290 2081 iam

136 2100 208 2168 pede
214 2101 316 2169 pulsat
326 2099 452 2153 brumum.
522 2101 573 2152 49.
592 2105 685 2154 acuto
698 2098 792 2168 qualia
805 2109 868 2152 sunt
882 2116 962 2153 arma
974 2099 1046 2152 serio
1059 2098 1270 2152 decernentium
1284 2117 1291 2164 ;

143 2170 346 2238 praeludebant
365 2168 482 2237 obtusis,
501 2179 531 2223 ut
550 2185 584 2224 ex
602 2173 637 2223 A.
649 2172 684 2224 A.
698 2169 735 2224 iii.
751 2182 809 2238 515,
825 2169 875 2238 516
893 2178 921 2223 et
942 2171 992 2237 589
1011 2170 1093 2224 docet
1114 2170 1291 2238 Saluagnius.

142 2243 192 2294 52.
212 2244 302 2294 breul
313 2241 399 2294 breue
409 2250 529 2309 tempus.
568 2244 608 2294 M.
621 2259 647 2294 v.
661 2255 693 2308 3²
715 2242 922 2310 Cunctatusque
933 2241 1018 2294 breui.
1144 2243 1191 2295 53.
1210 2244 1292 2294 liber

141 2319 287 2381 tamquam
300 2311 328 2364 in
342 2320 470 2380 apertum
482 2311 602 2366 hostem.
631 2313 713 2365 Rem.
723 2323 773 2379 377
787 2312 872 2364 Liber
879 2313 911 2364 in
924 2312 1055 2364 aduersos
1067 2309 1156 2364 hostes
1166 2313 1291 2382 stringa-

141 2387 189 2435 tus
199 2383 309 2435 iambus
322 2380 464 2449 (Cinam).
557 2384 606 2436 54.
627 2383 711 2436 Mart.
725 2381 770 2436 vii.
787 2397 826 2436 12.
840 2382 857 2435 6
876 2383 912 2434 Si
923 2400 979 2451 qua
992 2382 1141 2452 Lycambeo
1153 2385 1292 2453 sauguine

141 2453 197 2506 tela
215 2453 329 2506 madent
348 2450 505 2520 (Zingerle).
542 2453 627 2507 Anth.
646 2454 677 2506 P.
690 2451 736 2506 vii.
750 2454 792 2521 69.
809 2467 824 2521 3
842 2451 1000 2522 Ἀρχίλοχος
1016 2452 1128 2519 τέθνηκε·
1150 2455 1291 2519 φυλάσσεο

141 2523 221 2588 θυμόν
233 2523 332 2591 ἰάμβων
340 2521 444 2592 Δριμόν,
453 2521 611 2592 πικροχόλου
623 2525 770 2590 τικτόμενον
782 2525 920 2590 στόματος.
956 2519 1041 2575 Οἶσθα
1053 2525 1117 2591 βοῆς
1126 2524 1217 2575 κείνοιο
1227 2521 1291 2592 μέγα

140 2591 242 2659 σθένος,
254 2589 312 2646 εὖτε
325 2594 465 2662 Λυκόμβεω
478 2596 547 2660 Νῆυς
559 2593 604 2659 μία
623 2595 666 2646 σοὶ
679 2594 774 2649 δισσὰς
786 2596 867 2664 ἤγαγε
880 2592 1028 2663 θυγατέρας.
1082 2659 1085 2667 Ι
1127 2597 1175 2648 55.
1193 2597 1291 2647 Nune

141 2661 256 2732 interea,
276 2663 344 2717 dum
365 2680 411 2716 me
430 2664 467 2718 ad
488 2663 580 2718 acrius
598 2664 703 2718 bellum
725 2664 851 2717 nondum
873 2663 988 2718 instruo.
1025 2667 1187 2718 Battiades
1207 2665 1290 2718 Calli-

140 2735 267 2803 machus,
287 2732 363 2789 Batti
383 2733 463 2787 filiua
501 2735 602 2789 Catull.
621 2736 674 2789 lxv.
697 2734 735 2802 16,
758 2734 828 2788 cxvi.
848 2749 871 2788 2.
926 2738 1090 2788 inimicum
1108 2735 1290 2804 Apollonium

140 2804 294 2859 Rhodium.
425 2808 472 2860 57.
491 2808 635 2859 historiis
646 2805 796 2875 praecipue
810 2805 1016 2872 mythologiciS,
1030 2821 1242 2886 nonnumquam
1255 2823 1290 2859 ex

140 2875 296 2929 recentiore
320 2884 447 2944 tempore
472 2875 563 2929 ductis
588 2893 622 2929 ac
646 2893 715 2929 uera
737 2875 968 2928 memorantibus.
1006 2875 1054 2928 Sic
1077 2877 1142 2930 Am.
1163 2876 1189 2928 si.
1209 2890 1235 2941 4.
1254 2890 1290 2941 44

143 2945 279 2999 Omnibus
299 2944 426 3000 historiis
446 2963 475 2999 se
495 2963 573 3000 meus
592 2951 676 3016 aptat
694 2963 783 3014 amor,
804 2945 852 2998 ubi
874 2945 910 2999 de
934 2945 1012 2999 Leda
1032 2955 1060 2998 et
1081 2947 1191 3000 Aurora
1212 2945 1289 3000 dici't.

142 3017 224 3085 Prop.
244 3015 278 3070 iv.
293 3028 318 3082 7.
331 3017 374 3103 647
394 3016 541 3086 iv.1.119,
560 3017 608 3070 ubi
631 3017 666 3070 de
688 3016 790 3070 fabulis
810 3018 983 3070 Graecorum
1004 3032 1097 3068 sermo
1115 3026 1167 3070 est.
1204 3017 1290 3070 Tales

141 3096 206 3140 sunt
219 3087 331 3156 ἱστορίαι
343 3090 413 3154 ξενον
426 3087 466 3139 καὶ
478 3087 595 3155 ἅτριπτοι
609 3104 678 3157 quas
692 3087 720 3140 in
736 3086 928 3168 Lycophronis
938 3087 1106 3153 Alexandra,
1119 3087 1290 3140 Heraclidae

142 3156 251 3210 Pontici
277 3157 402 3224 LeschiS,
428 3158 570 3212 Parthenii
596 3157 704 3227 Elegiis
728 3157 834 3211 inuenit
858 3155 1053 3210 Artemidorus
1079 3157 1173 3210 Oneir.
1200 3157 1235 3211 iv.
1254 3158 1289 3224 63

140 3226 242 3281 citatus
255 3244 273 3281 a
287 3227 432 3281 Meinekio
444 3229 527 3282 Anal.
540 3229 619 3282 Alex.
632 3245 659 3297 p.
674 3243 689 3280 2
693 3229 732 3296 58.
806 3231 907 3281 enema
919 3226 1045 3280 obscuris
1060 3228 1125 3280 Sen.
1140 3227 1241 3296 Oedip.
1255 3242 1288 3295 9²

140 3298 273 3369 Sphinga
285 3299 370 3351 raeces
381 3299 466 3352 uerba
478 3305 627 3353 nectentem
640 3300 729 3352 modis
741 3297 895 3366 ‘riddling.'
1022 3301 1071 3351 58.
1091 3314 1190 3362 genus
1203 3297 1290 3351 ‘line’

141 3367 235 3437 ‘style'
247 3368 324 3422 idern
337 3379 379 3422 est
393 3370 469 3438 quod
482 3375 688 3440 argumentum.
762 3371 810 3423 59.
829 3371 976 3433 ambages
989 3368 1151 3436 aenigmata
1159 3381 1218 3435 377.
1256 3370 1288 3423 F.

142 3437 180 3493 iii.
190 3450 241 3507 337
252 3456 352 3492 uerum
361 3440 476 3510 ambage
488 3446 595 3493 remota
604 3440 730 3494 Abdidit.
786 3442 834 3493 60.
854 3442 1024 3503 iudiciique
1034 3456 1089 3508 quo
1103 3449 1200 3507 aperta
1209 3456 1289 3508 prae-

139 3509 199 3562 sero
213 3509 348 3564 obscuris.
403 3514 451 3564 62.
470 3517 507 3564 tu
519 3526 649 3575 quoque.
679 3509 755 3563 Hinc
768 3510 869 3579 colligo
885 3510 1087 3563 Callimachum
1101 3509 1129 3562 in
1144 3509 1224 3562 Ibide
1238 3526 1289 3563 sua

140 3595 244 3633 nornen
254 3597 311 3633 non
321 3580 449 3649 posuisse
458 3580 620 3634 aduersarii.
657 3583 704 3635 63.
719 3584 916 3644 aliquantum
925 3583 1027 3634 noetis
1036 3579 1154 3633 multam
1164 3580 1288 3633 obscuri·

140 3659 237 3704 tatem.
275 3650 323 3704 Sic
337 3651 526 3720 Quintilianus
539 3651 595 3704 viii.
609 3667 633 3705 2.
647 3666 680 3718 23
699 3653 816 3704 tenebris
829 3652 966 3704 orationis
976 3652 1083 3721 inserat
1094 3652 1233 3720 quoddam
1246 3653 1289 3705 in-

141 3721 312 3791 tellegentiae
322 3738 390 3774 suae
402 3723 504 3776 lumen.
531 3722 642 3776 Eodem
656 3739 740 3775 sensu
751 3721 858 3776 Statius
870 3722 1055 3791 Lycophrona
1069 3727 1165 3774 atmem
1179 3721 1248 3775 dixit
1259 3723 1288 3776 S.

140 3808 165 3844 v.
177 3805 200 3858 3.
214 3804 261 3860 157
273 3792 473 3861 (Saluagnius).
528 3796 577 3847 64.
594 3796 680 3846 uitae
692 3797 789 3846 series
799 3803 829 3846 ut
832 3793 898 3863 sati
907 3794 992 3845 series
1003 3794 1042 3845 M.
1054 3810 1097 3846 xv.
1110 3805 1166 3860 152,
1179 3793 1249 3846 Stat.
1259 3794 1288 3846 S.

141 3861 176 3916 iv.
187 3876 211 3930 3.
223 3875 270 3929 145
286 3863 352 3916 Vidi
361 3880 447 3933 quam
459 3864 556 3916 sem‘em
570 3862 707 3916 morantis
716 3865 960 3917 aeuiPronectant
971 3863 1024 3917 tibi
1031 3863 1165 3916 candidae
1174 3880 1289 3917 sorores.

140 3934 190 3988 65.
208 3936 309 3987 natali
321 3936 453 3998 Ianique
465 3937 626 3988 Kalendis.
664 3933 847 4003 ‘Priusquam
862 3936 942 3987 Naso
956 3936 1034 3987 Deos
1047 3933 1221 3987 inuocandos
1235 3933 1288 3986 sibi

140 4002 279 4070 conciliet,
300 4003 363 4056 lbin
382 4014 478 4058 monet
499 4013 529 4058 ut
553 4003 640 4058 natali
661 4021 712 4057 suo
732 4004 925 4074 Kalendisque
946 4003 1083 4057 Ianuariis
1105 4005 1157 4057 has
1177 4003 1251 4057 diras
1271 4021 1289 4058 a

140 4073 241 4142 quouis
259 4074 394 4143 legendas
412 4074 522 4144 sibique
540 4091 591 4144 pro
610 4073 709 4129 faustis
727 4075 935 4142 precationibus
954 4074 1114 4128 recitandas
1133 4084 1218 4141 curet,
1232 4091 1288 4143 quo

140 4143 247 4198 scilicet
260 4144 294 4198 iis
307 4144 407 4199 diebus
419 4145 617 4214 pronuntiatae
630 4144 777 4198 certiorem
789 4145 943 4214 perniciem
955 4145 1134 4214 portendant.
1169 4146 1288 4198 Veteres

140 4213 216 4268 enim
239 4214 376 4284 quidquid
397 4215 500 4269 ominis
519 4215 586 4269 mali
607 4215 706 4269 diebus
728 4215 782 4269 illis
804 4215 931 4269 auditum
952 4215 1059 4282 fuisset,
1078 4215 1170 4268 dirum
1191 4215 1288 4268 nescio

141 4284 217 4354 quod
234 4285 349 4340 exitium
367 4285 468 4340 minari
485 4287 656 4340 credebant:
676 4296 775 4339 contra
787 4285 847 4340 dies
865 4286 936 4353 illos,
950 4285 973 4339 si
991 4285 1060 4338 nihil
1073 4284 1185 4339 infausti
1200 4284 1287 4338 conti·

140 4354 236 4424 gisset‚
261 4356 369 4410 faustos
394 4358 564 4411 censebant.²
601 4357 675 4410 Salu.
723 4356 873 4410 Natalibus
898 4366 926 4410 et
952 4357 1027 4410 dona
1051 4355 1235 4409 mittebantur
1259 4365 1287 4408 et

141 4425 263 4480 Genium
276 4425 395 4496 quisque
407 4444 489 4481 suurn
502 4427 620 4481 colebat.
660 4429 759 4495 Itaque
772 4444 828 4480 non
842 4426 902 4480 sine
910 4427 1018 4480 acerba
1029 4424 1156 4479 irrisione
1167 4423 1288 4478 Ouidius

141 4496 227 4551 Diras
246 4507 391 4567 tamquam
410 4497 572 4553 natalicium
591 4513 693 4552 munus
712 4498 839 4565 (Censor.
859 4496 895 4551 de
913 4496 960 4550 die
979 4495 1076 4549 Natali
1093 4496 1118 4562 I)
1137 4493 1217 4548 offert
1236 4494 1288 4548 ini·
