3038 5010
623 405 668 464 IN
700 404 797 465 IBIN.
1245 410 1283 467 ol

135 563 232 636 ipsum.
268 559 416 637 Ipsumque
435 566 461 619 et
483 570 590 620 cunctos
613 572 690 638 spre-
732 562 868 638 dignatus
896 562 1008 637 superis
1042 562 1162 622 obedire
1190 562 1285 623 fuimi-

135 644 275 702 uerutu'lle
288 644 372 703 deus*
411 642 447 703 G.
732 655 817 704 natus
837 654 880 703 est
898 663 915 702 a
931 644 1013 704 Ioue.
1049 643 1145 701 *Vnde
1165 644 1284 704 Gallus:

731 725 906 785 Phr‘llucz'des
932 727 1007 783 cudit
1032 728 1095 802 igue
1118 724 1198 784 Iouis
1218 731 1285 802 quia

730 814 878 882 spreuerul
890 809 987 881 aprum.
1009 807 1071 866 Nec
1081 827 1134 866 uon
1143 815 1169 865 et
1175 815 1285 866 cunctos

237 957 240 962 ,
729 896 873 965 spreueral
884 889 931 946 ille
944 886 1029 947 deun*
1074 888 1107 948 C.

178 966 402 1049 *(A)Dimautus
422 969 551 1029 tirannus
580 988 661 1030 sacra
683 969 794 1030 faciens
818 971 873 1030 diis
898 970 956 1029 suis
979 970 1143 1029 adiuuentis
1169 970 1283 1043 anue

136 1050 304 1111 fulminatus
318 1050 386 1111 est*
427 1052 470 1110 H.

179 1152 247 1209 329.
278 1135 343 1192 Aut
383 1143 418 1192 ut
459 1133 687 1192 Amastriacis.
771 1132 956 1209 *Lempneus
978 1151 1029 1191 rex
1049 1132 1285 1194 †Amastriacum

137 1212 290 1274 *Lenneus
309 1233 361 1273 rex
377 1215 567 1272 Amalfricum
587 1226 688 1290 captus
729 1233 747 1273 a
772 1214 939 1272 Mithridate
962 1232 1032 1290 rege
1059 1213 1284 1291 Paphlagonum

136 1314 154 1354 a
188 1295 356 1354 Mithridate
393 1297 424 1354 in
464 1296 562 1355 Ponto
595 1297 690 1356 insula
729 1306 828 1372 raptus
838 1296 906 1354 etin
916 1295 1159 1356 insula†eschina
1168 1296 1284 1354 deserta

136 1377 214 1437 solus
228 1378 380 1436 derelictus
394 1378 471 1436 fame
485 1378 598 1436 interiit.
631 1377 667 1437 G.
730 1379 844 1436 relictus
880 1375 988 1453 frigore
1022 1387 1051 1435 et
1083 1375 1160 1435 fame
1190 1377 1282 1452 periit.

135 1529 138 1534 Ι
177 1457 330 1517 *Lenneus
362 1478 413 1517 rex
435 1458 690 1518 Amastriaeuma
731 1458 827 1517 *Vnde
836 1457 937 1521 †Fauo
945 1477 957 1514 .·
980 1457 1053 1516 Veste
1065 1458 1173 1532 ciboque
1186 1477 1284 1517 carens

136 1537 539 1617 MathridatePaphlagonum
548 1558 617 1616 rege
627 1537 688 1622 [so-
729 1539 883 1615 Lempneus
897 1557 954 1597 rex
968 1540 1030 1596 licet
1043 1547 1111 1597 esset
1125 1538 1189 1609 Quo
1197 1541 1286 1615 peru't

135 1616 217 1701 cero]
232 1621 350 1680 Achillis
363 1624 394 1679 in
407 1621 500 1681 insula
511 1639 585 1699 quae
600 1634 643 1681 est
657 1623 688 1680 in
729 1621 836 1680 Nudus
870 1623 923 1680 hac
949 1639 1051 1696 quoque
1078 1627 1154 1698 peste
1181 1619 1287 1698 periti

135 1702 231 1762 Ponto
241 1704 546 1780 nomineAndugenes
556 1703 635 1762 solus
644 1712 688 1762 est
728 1703 827 1763 Mure.

135 1783 250 1843 relictus
272 1780 314 1865 [et
335 1785 374 1842 ibi
393 1784 471 1844 fame
493 1785 576 1860 periit
597 1795 625 1843 et
640 1785 687 1843 fri-

133 1883 203 1940 gore
229 1869 297 1941 quia
321 1867 435 1925 deserta
464 1863 548 1946 erat].
591 1864 689 1924 *Vnde

133 1948 177 2004 ar'l
201 1947 396 2006 Fauoranus:
443 1947 517 2006 Veste
542 1945 689 2024 cz'bu'(s)que

132 2047 230 2086 careus
243 2028 380 2087 Lemueus
393 2048 449 2088 rex
462 2030 526 2087 lr'cet
533 2036 606 2100 esset,
624 2030 688 2101 Qua

129 2112 217 2184 perui
225 2110 332 2169 Nudus
342 2112 387 2168 hr'c
400 2129 503 2186 quoque
513 2117 595 2169 merle
603 2113 687 2187 perth.

137 2189 164 2249 C
176 2190 262 2250 Aah*

175 2271 328 2349 *Lepneus
357 2273 568 2334 Amastriacum
601 2294 652 2334 rex
680 2293 698 2334 a
728 2273 896 2334 Muthridate
929 2275 1120 2352 paflagonum
1153 2295 1222 2354 rege
1251 2286 1280 2336 et

134 2370 237 2413 socero
259 2355 379 2415 Achillis
396 2357 427 2415 in
446 2356 540 2414 insula
554 2375 630 2433 quae
653 2367 698 2416 est
719 2357 749 2415 in
770 2357 867 2416 Ponto
888 2356 968 2416 solus
988 2358 1103 2417 relictus
1125 2368 1169 2418 est
1190 2371 1218 2418 et
1241 2361 1281 2418 ibi

134 2434 210 2494 fame
225 2437 349 2496 decessit
366 2438 435 2513 quia
448 2437 529 2496 locus
543 2438 673 2497 desertus
688 2448 756 2498 erat.
792 2439 832 2497 P.

174 2516 353 2594 Imprecatur
369 2520 505 2577 miseram
526 2531 651 2578 mortem
668 2519 769 2590 Lenei,
791 2520 841 2597 qui
862 2536 930 2578 cum
949 2538 1001 2578 rex
1022 2529 1099 2579 esset
1120 2520 1279 2581 Amastria-

134 2615 237 2657 corum
251 2599 427 2675 populorum
441 2601 472 2657 in
487 2599 604 2676 Scythia
618 2601 756 2678 expulsus
770 2620 787 2660 a
802 2601 967 2659 Mithridate
982 2602 1012 2659 in
1024 2601 1142 2661 Achillis
1155 2603 1281 2662 dromon

133 2680 243 2756 aufugit
260 2691 346 2756 atque
368 2682 407 2738 ibi
429 2700 447 2739 a
468 2683 527 2740 suis
543 2682 672 2741 desertus
687 2683 778 2758 periit.
821 2681 968 2741 Achilleos
983 2682 1104 2742 dromos
1124 2684 1142 2742 i.
1157 2684 1280 2744 Achillis

133 2778 243 2831 cursus,
258 2780 346 2837 quem
360 2763 457 2821 locum
467 2762 589 2822 Ouidius
600 2783 679 2824 nunc
690 2764 815 2840 appellat
826 2763 987 2822 Achilleam
997 2765 1120 2834 humum,
1131 2765 1225 2823 insula
1236 2776 1281 2826 est

126 2847 207 2918 quae
219 2843 321 2901 dicitur
331 2844 525 2921 †Armigenis.
556 2844 699 2904 Amastris
708 2863 779 2903 uero
790 2846 860 2903 urbs
874 2855 917 2903 est
926 2845 957 2902 in
971 2845 1124 2922 peninsula
1134 2846 1280 2924 habetque
1375 2884 1379 2893 -

134 2941 170 2981 ex
188 2934 309 3001 utraque
329 2937 411 3001 parte
432 2936 542 3002 portus,
563 2927 639 2985 dicta
660 2929 700 2985 ab
718 2926 879 2985 Amastride
899 2925 957 2984 filia
978 2925 1116 2985 Oxathris
1138 2937 1167 2985 et
1187 2945 1280 2987 uxore

133 3004 258 3064 Dionisii
279 3008 400 3083 tyranni.
444 3008 522 3066 unde
545 3007 593 3066 hic
616 3008 766 3067 Dionisius
788 3007 905 3066 Leneus
930 3016 974 3066 est
994 3007 1163 3084 appellatus.
1205 3008 1279 3086 Reg.

136 3090 223 3144 2061.

174 3168 323 3228 Dionisius
344 3169 475 3228 tirannus
496 3169 694 3228 Heracliensis
719 3169 857 3246 expulsus
879 3188 897 3228 a
920 3168 1087 3228 Mithridate
1113 3170 1224 3248 aufugit
1248 3171 1279 3229 in

132 3247 333 3326 locum'quem
348 3269 465 3310 cursum
480 3250 598 3310 Achillis
613 3252 759 3328 appellant
773 3252 823 3310 ubi
838 3269 855 3309 a
869 3252 929 3310 suis
944 3252 1074 3310 desertus
1093 3252 1177 3329 periit
1196 3253 1278 3312 omni

132 3331 283 3407 destitutus
298 3350 365 3407 ope.
406 3331 474 3390 Pul.
494 3346 580 3407 1709.

174 3431 242 3486 331.
263 3412 376 3490 thue
395 3414 450 3472 uel
467 3414 685 3490 Eurydamas.
767 3411 940 3472 Euridamas
978 3413 1085 3472 occidit
1127 3413 1279 3472 inimicum

131 3491 304 3552 Euridamas
333 3505 361 3553 et
389 3494 549 3553 Thrasillus
577 3496 685 3555 inimici
726 3513 812 3554 suum
850 3494 1027 3554 Thrasillum
1068 3495 1146 3554 unde
1182 3496 1280 3554 Micus

132 3575 296 3634 adinuicem
330 3576 464 3635 fueruntt
499 3576 551 3634 sed
583 3577 684 3636 Limus
726 3576 876 3635 Larisseus
896 3577 926 3634 in
947 3577 1105 3634 uindictam
1127 3577 1212 3636 amici
1233 3578 1277 3635 sui

130 3653 282 3715 Larisseus
310 3659 421 3716 amicus
449 3657 588 3716 Thrasilli
615 3657 682 3716 Eur.
726 3658 863 3717 Thrasilli
897 3659 1004 3716 occidit
1038 3657 1279 3717 Euridamantem

131 3737 278 3798 interfecit.
321 3737 418 3797 *Vnde
436 3738 567 3796 Durius:
592 3739 683 3797 Euri·
725 3748 754 3798 et
781 3740 911 3799 occisum
940 3739 1025 3797 traxit
1052 3739 1162 3798 circum
1194 3742 1278 3799 busta

130 3819 227 3877 dumus
254 3825 359 3878 tractus
389 3826 431 3878 ter
465 3822 584 3899 circumx
604 3821 683 3878 busta
724 3820 867 3880 Thrasilli.
907 3818 1004 3879 Mure.
1046 3878 1048 3881 .

168 4025 226 4075 329.
245 4010 362 4064 Historia
373 4013 485 4078 confusa,
498 4013 543 4064 sed
553 4023 580 4066 ut
592 4014 717 4080 supersint
719 4014 877 4082 fragmenta
890 4013 945 4065 ueri
973 4011 1119 4064 metridate
1133 4011 1157 4064 G
1169 4012 1278 4067 GMure

129 4079 322 4149 phagonumC
389 4097 486 4135 socero
500 4083 597 4136 GAsk.
676 4083 791 4135 insulam
804 4083 870 4136 Ask.
941 4082 1096 4149 anchigenis
1109 4083 1174 4135 Asl.
1246 4088 1276 4136 et

131 4157 226 4203 -erat
238 4170 288 4204 om.
300 4154 366 4206 Ask.
453 4152 599 4206 fauoranus
610 4155 688 4206 etiam
702 4155 767 4206 Ask.
857 4152 999 4219 cibiqueC
1080 4153 1196 4221 ciboque
1210 4155 1279 4207 Ask.

130 4219 181 4273 hac
194 4238 304 4289 quoque
317 4228 407 4274 morte
421 4224 486 4277 Ask.
557 4224 696 4276 mitridate
708 4225 770 4294 Reg.
840 4223 874 4276 ab
887 4223 1011 4276 amastris
1024 4220 1076 4275 filia
1088 4223 1200 4276 oxiartis
1212 4224 1280 4293 Reg.

131 4293 175 4342 Ex
199 4293 277 4346 Beru.
297 4308 345 4356 711
370 4295 506 4348 Merkeh‘us
529 4306 648 4347 enoturat
672 4294 800 4347 Lenneus
821 4309 870 4346 rex
892 4293 1066 4346 amastricum
1090 4309 1106 4347 a
1129 4293 1276 4346 metridate

128 4361 217 4430 paphl.
231 4378 295 4428 rege
307 4379 404 4416 socero
416 4365 518 4417 achillis
535 4367 562 4417 in
575 4365 660 4417 insula
672 4370 759 4434 ponto
771 4363 843 4417 solus
855 4371 897 4417 est
910 4363 1022 4416 relictus
1033 4365 1107 4417 unde
1118 4362 1276 4417 fanoxsinus

128 4452 185 4486 cum
197 4434 303 4487 disticho
315 4455 364 4488 om.
376 4436 458 4503 perit.

167 4521 226 4568 331.
245 4505 397 4559 euridamas
409 4512 438 4559 et
452 4506 595 4560 trasilusG
633 4505 753 4559 trasiliG
792 4506 866 4560 Num
878 4503 1033 4558 Tharsillol
1076 4503 1185 4557 tracsilli
1198 4504 1278 4558 Mure
