3038 5010
183 432 240 486 148
582 424 929 488 COMMENTARIVS.

180 603 207 654 p.
225 599 281 654 109.
318 585 351 637 ln
364 583 491 653 hospites
504 585 668 653 plerumque
680 582 862 653 φιλάνθρωποι
876 583 973 636 Cretes
986 589 1075 648 erant,
1088 589 1160 635 teste
1174 577 1329 634 Heraclide

181 655 300 709 Pontico
313 653 349 708 iii.
363 654 389 709 6.
497 657 558 708 511.
577 658 815 718 Lapsuramque
830 656 948 707 donum
965 656 1084 706 eubeaa
1124 651 1183 705 Cic.
1196 651 1232 705 de
1249 651 1329 704 Orat.

180 725 209 779 ii.
219 725 254 778 86
271 725 381 779 Dicunt
397 725 471 777 enim
490 741 552 778 cum
571 731 681 778 cenaret
700 725 848 778 Crannone
864 724 896 777 in
917 722 1061 776 Thessalia
1077 722 1236 775 Simonides
1251 719 1335 790 apud

181 797 309 864 Scopam,
320 795 506 864 fortunatum
524 794 663 848 hominem
681 800 709 847 et
725 794 850 861 nobilem,
869 795 1061 861 cecinissetque
1077 793 1112 845 id
1125 808 1237 845 corinun
1255 789 1335 859 quod

180 867 212 919 in
236 881 299 918 eum
323 865 486 934 scripsisset,
511 867 542 918 in
570 882 625 934 quo
650 865 742 918 mulla
768 865 893 918 ornandi
918 879 1003 917 causa
1022 866 1172 931 poetarum
1198 878 1274 915 more
1297 862 1330 913 in

183 936 324 989 Castorem
341 937 448 1005 scripta
467 941 495 988 et
511 935 653 989 Pollucem
662 935 791 1004 suessent
809 932 934 1002 (cannen
952 932 1063 987 uidetur
1081 949 1144 987 esse
1162 931 1231 985 illud
1249 928 1329 984 nobi·

181 1005 320 1059 lissimum
342 1005 420 1059 cuius
439 1004 581 1074 relliquias
600 1004 722 1059 seruauit
742 1005 824 1059 Plato
843 1004 871 1057 in
891 1005 1045 1072 Protagora
1056 999 1148 1071 'Avdp’
1166 1002 1262 1070 ἀγαθὸν
1283 1001 1331 1070 μὲν

181 1074 297 1129 ἀλαθέως
308 1073 429 1144 γενέσθαι
449 1074 555 1130 Simon.
569 1076 601 1129 sr.
617 1087 630 1143 5
647 1075 750 1143 Bergk,
763 1074 797 1129 cf.
815 1073 948 1128 Schneid.
962 1073 1070 1127 Callim.
1085 1072 1113 1129 ii.
1126 1090 1153 1141 p.
1166 1071 1229 1140 224)
1243 1073 1331 1126 m‘mis

181 1147 266 1200 illum
287 1145 398 1199 sordide
416 1145 562 1199 Simonidi
577 1146 690 1212 dimise,
709 1162 737 1197 se
755 1145 907 1198 dimidium
928 1145 989 1197 eius
1008 1145 1037 1196 ei
1050 1144 1128 1212 quod
1141 1146 1244 1212 pactus
1262 1145 1333 1195 esset

176 1220 233 1287 pro
245 1215 296 1268 illo
307 1217 432 1269 carmine
446 1216 602 1280 daturum,-
619 1216 760 1284 reliquum
778 1233 797 1267 a
814 1216 875 1268 suis
890 1214 1062 1284 Tyndaridis
1078 1230 1147 1282 quos
1165 1229 1250 1282 aeque
1267 1213 1330 1266 lau·

180 1287 273 1341 dasset
280 1289 387 1355 peteret
396 1287 425 1338 si
434 1287 462 1338 ei
472 1286 623 1340 uideretur.
645 1285 748 1354 paullo
755 1288 823 1354 post
833 1285 996 1354 esseferunl
1006 1285 1171 1337 nuntiatum
1179 1283 1331 1350 Simonidi,

182 1361 216 1409 ut
222 1356 368 1425 prodiret:
386 1358 502 1409 iuuenes
513 1361 589 1409 stare
605 1356 645 1410 ad
659 1357 777 1408 ianuam
789 1356 860 1408 duos
871 1355 1013 1423 quosdam,
1026 1356 1079 1423 qui
1088 1370 1151 1406 eum
1164 1356 1331 1424 magnopere

181 1432 344 1480 auocarent:
360 1427 515 1479 surremsse
526 1427 610 1480 illum
624 1427 753 1495 prodisse
765 1426 869 1478 uidisse
880 1425 1025 1478 neminem.
1049 1423 1101 1478 loc
1111 1425 1226 1477 interim
1237 1423 1332 1493 spatio

181 1497 311 1550 conclaue
320 1497 398 1550 illud
407 1497 457 1549 ubi
462 1497 629 1566 epularetur
634 1496 739 1565 Scopas
747 1496 895 1549 concedisse
900 1513 911 1552 .·
927 1512 960 1547 ea
968 1496 1056 1548 ruina
1064 1495 1158 1564 ipsum
1168 1497 1331 1563 oppressum

182 1584 246 1620 cum
258 1568 318 1620 suis
329 1568 476 1621 interiisse.
513 1566 624 1620 Eadem
638 1583 683 1635 ap.
695 1566 759 1619 Val.
773 1567 851 1620 Max.
868 1564 883 1618 i.
899 1565 924 1619 8.
938 1577 963 1632 7,
977 1565 1096 1619 Phaedr.
1111 1564 1147 1618 iv.
1160 1576 1193 1632 25
1209 1561 1329 1632 (Burni.)

184 1638 258 1691 Rem
277 1646 404 1691 narraret
426 1636 615 1691 Callimachus
639 1635 682 1704 (fr.
702 1651 734 1699 71
756 1633 923 1704 Schneider)
943 1650 989 1703 ap.
1009 1634 1087 1690 Suid.
1105 1651 1165 1689 su.
1184 1632 1331 1702 Σιμωνίδης.

178 1703 267 1761 Ὅπως
279 1707 403 1775 ἐτίμησάν
414 1728 442 1761 τε
455 1707 496 1760 καί
507 1707 638 1777 ἐφίλησαν
651 1707 675 1759 oi
688 1707 843 1774 Διόσκουροι
855 1706 900 1759 τδν
911 1706 1051 1772 μελοποιὸν
1063 1705 1212 1773 Σιμωνίδην,
1225 1703 1332 1759 καὶπῶς

182 1775 335 1845 ἐρρύσαντο,
348 1776 504 1831 καλέσαντες
515 1777 565 1843 ἔξω
577 1780 623 1832 τοῦ
635 1776 771 1845 άνδρωνος,
783 1775 844 1829 ἔνθα
856 1775 1023 1842 κατάνλισθεν,
1036 1775 1086 1845 ἐρῶ
1098 1774 1237 1844 ἀλλαχόθι.
1258 1773 1332 1841 ἀξιον

184 1846 213 1899 δέ
225 1847 289 1916 μηδὲ
301 1850 381 1902 ταῦτα
392 1849 553 1915 παραλιπεῖν.
587 1843 782 1917 Ἀκραγαντῖνος
794 1847 939 1916 στρατηγός
951 1843 981 1912 ἦν
992 1843 1073 1913 ὄνομα
1085 1847 1182 1913 Φοῖνιξ.
1219 1851 1331 1913 Συρακο-

184 1917 253 1971 σίοις
266 1917 294 1969 δέ
306 1916 449 1986 ἐπολέμουν
461 1915 540 1970 οὗτοι·
571 1916 661 1971 οὐκοῦν
678 1914 722 1969 ὅδε
734 1918 749 1968 ὁ
762 1916 850 1982 Φοῖνιξ
867 1914 966 1968 διαλύει
980 1916 1024 1968 τὸν
1036 1916 1121 1984 τάφον
1133 1919 1179 1969 τοῦ
1191 1913 1332 1983 Σιμωνίδου

183 1987 255 2055 μάλα
267 1986 365 2054 ἀκηδῶς
376 2008 403 2040 τε
416 1988 456 2039 καὶ
469 1987 589 2042 ἀνοίκτως
601 1988 641 2040 καί
654 1986 681 2039 ἐκ
693 1992 743 2039 τῶν
759 1986 840 2040 λίθων
851 1986 931 2041 τῶνδε
942 1984 1063 2054 ἀνίστησι
1075 1983 1183 2054 πύργον·
1215 1986 1256 2038 καὶ
1268 1985 1332 2037 κατὰ

184 2061 277 2111 τοῦτον
289 2058 358 2109 ἐάλω
376 2056 391 2124 ἡ
409 2058 495 2112 πόλις·
526 2057 591 2110 ἔοικε
610 2057 638 2109 δέ
657 2057 698 2110 καί
718 2056 886 2126 Καλλίμαχος
904 2053 1005 2110 τούτοις
1023 2058 1169 2125 ὁμολογεῖν·
1197 2054 1332 2120 οἰκτίζεται

183 2130 248 2196 γοῦν
264 2128 294 2179 τδ
310 2126 426 2194 ἄθεσμον
441 2127 526 2198 ἔργον,
539 2126 580 2179 καί
596 2126 707 2196 λέγοντά
723 2149 755 2196 γε
772 2127 849 2180 αὐτὸν
861 2128 875 2178 ὁ
888 2127 1028 2193 Κυρηναῖος
1043 2126 1165 2193 πεποίηκε
1180 2126 1225 2179 τὸν
1235 2124 1333 2194 γλυκύν

185 2196 300 2264 ποιητήν·
320 2196 398 2249 oili
409 2196 442 2250 τδ
476 2197 579 2265 ράμμα
590 2194 737 2264 Ἠιδέσθη
750 2197 783 2250 τδ
795 2197 889 2266 λέγον
900 2194 925 2264 μ’
938 2193 1333 2262 υίαΛεωπρεπέοςΚεῖσθαι

185 2266 280 2334 Κηιον
297 2265 400 2354 ἀνδρα.
438 2219 491 2321 κάτ’
508 2266 586 2320 είπὼν
600 2264 653 2320 ἅττ’
666 2265 790 2336 ἐπιλέγει.
827 2263 899 2319 Οὐδ’
919 2266 1022 2335 ύμέας,
1042 2264 1245 2332 Πολύδευκες,
1264 2265 1332 2318 ύπέ-

185 2357 306 2407 τρεσεν,
333 2357 360 2389 οι
390 2358 426 2405 με
455 2336 614 2404 μελάθρου
638 2335 822 2391 Μέλλοντος
850 2337 976 2391 πίπτειν
1004 2336 1091 2392 ἐκτδς
1116 2336 1230 2390 ἕθεσθέ
1255 2357 1332 2390 ποτε

187 2407 384 2474 Δοιτυμόνων
407 2405 466 2460 ἀπο
490 2410 612 2475 μοῦνον,
633 2405 685 2459 ὅτε
708 2408 881 2475 Κρανὼνιος
905 2404 937 2461 οἵ
959 2403 991 2459 αῖ
1006 2403 1158 2460 Ὠλισθεν
1176 2407 1334 2476 μεγάλους

185 2472 272 2530 αίκος
290 2476 339 2529 ε’πί
358 2476 526 2543 Σκοπιάδας,
544 2474 586 2530 sic
604 2475 680 2530 enim
699 2476 817 2530 correxit
837 2476 990 2532 Bentleius.
1027 2476 1135 2532 Similia
1153 2476 1189 2531 de
1209 2476 1333 2530 Pindaro

186 2547 334 2601 traduntur
352 2556 380 2600 et
399 2547 577 2601 Theramene
595 2548 656 2600 Ael.
677 2549 711 2601 V.
732 2549 769 2600 H.
783 2546 819 2601 ix.
833 2562 875 2601 21.
912 2551 1048 2602 domum.
1081 2546 1196 2615 Quintil.
1209 2546 1245 2601 xi.
1258 2561 1283 2601 2.
1301 2561 1330 2600 11

186 2617 272 2671 tradit
284 2616 371 2670 luisse
383 2633 517 2685 magnam
530 2616 602 2671 inter
620 2626 748 2671 auctores
766 2616 973 2672 dissensionem
991 2617 1154 2672 Pharsaliae
1166 2616 1248 2671 fuerit
1261 2617 1333 2671 haec

187 2687 289 2741 domus
306 2704 343 2740 an
358 2688 515 2742 Crannone.
552 2686 678 2757 Alciphr.
691 2687 782 2756 Epist.
796 2687 832 2742 iii.
846 2688 881 2742 68
894 2686 1001 2755 Μήποτε
1018 2688 1042 2740 ol
1060 2689 1175 2755 σωτῆρες
1186 2686 1282 2752 άνακες,
1295 2687 1335 2741 ὡς

188 2756 335 2826 Σιμωνίδη
348 2758 399 2810 τδν
412 2757 608 2826 Λεωπρέπους
623 2761 676 2810 τοῦ
689 2758 860 2825 Κρανωνίου
877 2758 1053 2821 συμποσίου
1066 2756 1232 2824 ἐξήρπασαν;
1263 2774 1333 2811 san·

189 2831 260 2893 guis
286 2831 404 2881 Aleuae
433 2828 540 2896 Scopas
568 2845 603 2882 ex
628 2828 818 2882 Aleuadarum
846 2827 971 2882 familia:
998 2827 1146 2897 Scopadae
1174 2829 1334 2896 Crannone,

187 2898 334 2952 Aleuadae
345 2897 460 2952 Larisae
468 2898 644 2952 habitabant.
668 2899 762 2952 Schol.
771 2899 888 2952 Theocr.
900 2897 953 2952 xvi.
962 2898 996 2966 36
1010 2899 1041 2950 οἱ
1053 2898 1182 2952 Σκοπάδαι
1194 2900 1335 2966 Κρανώνιοι

188 2968 217 3021 τδ
230 2968 312 3037 γένος.
343 2972 448 3037 Κράνων
460 2968 488 3020 δέ
506 2971 582 3024 πολις
600 2969 752 3022 θεσσαλίος
769 2966 828 3022 ὅθεν
847 2969 947 3023 Σκόπας
965 2970 979 3020 ὁ
998 2970 1141 3037 Κρανώνιος
1154 2969 1279 3036 Κρέοντος
1293 2969 1335 3022 καὶ

187 3036 440 3108 Ἐχεκρατείαςυίός.
472 3038 512 3091 καί
524 3036 663 3105 Σιμωνίδης
675 3038 702 3092 ἐν
712 3036 827 3107 Θρηνοις.
867 3038 947 3092 Idem
961 3039 1054 3092 Schol.
1068 3048 1096 3093 et
1110 3039 1241 3092 Clemens
1254 3038 1335 3094 Alex.

190 3109 292 3162 Strom.
306 3108 323 3162 i.
336 3125 364 3177 p.
378 3109 429 3177 389
449 3109 477 3163 S.
495 3110 609 3163 tradunt
628 3109 841 3178 Euphorionem
859 3109 895 3162 de
911 3108 1046 3162 Aleuadis
1065 3108 1232 3178 scripsisse;
1258 3108 1335 3163 unde

191 3178 351 3232 Meinekius
363 3179 446 3233 Anal.
458 3179 537 3234 Alex.
550 3197 578 3260 p.
591 3179 626 3232 66
639 3179 770 3248 opinatus
789 3189 831 3233 est
850 3179 886 3232 ab
900 3195 934 3232 eo
952 3178 1037 3232 etiam
1050 3179 1124 3232 hanc
1138 3179 1173 3232 de
1187 3177 1335 3232 Simonide

190 3259 303 3303 seruato
321 3248 446 3302 fabulam
463 3258 620 3318 expos1tam
635 3249 730 3304 fuisse.
765 3250 807 3304 Cf.
821 3248 976 3303 Buttmann
989 3248 1025 3302 de
1041 3247 1185 3317 Aleuadis,
1198 3249 1335 3303 Abhand·

189 3320 294 3388 lungen
317 3319 367 3372 der
390 3318 491 3373 Berlin.
514 3319 652 3372 Akadem.
671 3320 722 3373 der
739 3318 982 3373 Wissenschaften
1002 3335 1049 3387 pp.
1066 3332 1123 3387 194,
1138 3331 1160 3386 5.
1267 3321 1335 3373 512.

191 3392 287 3443 Stella
306 3389 516 3443 Dioscurorum.
553 3388 766 3454 Leoprepidae
786 3388 947 3444 Simonides
966 3389 1002 3442 de
1020 3405 1051 3443 se
1069 3389 1114 3442 bis
1136 3387 1204 3442 dicit
1222 3387 1254 3443 fr.
1276 3389 1335 3458 146,

193 3473 241 3525 147
256 3459 350 3528 Bergk
361 3457 574 3528 Ὀγδωκονταέτει
586 3460 657 3513 παιδὶ
667 3460 839 3528 Λεωπρέπεος.
910 3475 1010 3523 aequa
1021 3457 1152 3528 propitia.
1187 3461 1257 3513 uiro
1271 3476 1336 3514 cum

189 3532 402 3594 Leoprepidae
422 3528 602 3583 coniunctum
621 3529 708 3598 patris
721 3530 834 3584 laudem
851 3529 927 3587 laudi
945 3528 992 3582 filii
1006 3529 1152 3594 adnectit;
1179 3529 1256 3597 quod
1274 3528 1336 3598 ipse

190 3600 295 3654 fecerat
317 3599 485 3653 Simonides.
516 3599 636 3670 Fuitque
658 3599 718 3669 ipse
739 3601 898 3670 Leoprepes
917 3599 960 3653 uir
978 3598 1106 3668 egregius
1125 3609 1154 3653 ut
1173 3617 1208 3653 ex
1225 3599 1337 3655 Aelian.

190 3671 225 3723 V.
240 3672 278 3723 H.
292 3669 327 3723 iv.
341 3684 375 3734 24
388 3680 514 3738 apparet.
550 3670 737 3739 ‘Leoprepes’
750 3670 860 3724 famous
873 3671 942 3726 son!
1012 3672 1075 3723 513.
1094 3672 1231 3723 Euenus.
1264 3671 1335 3725 Plut.

192 3738 228 3792 de
241 3741 302 3793 Flu.
316 3738 372 3792 viii.
386 3741 519 3830 Avrppuas
535 3741 650 3808 ποταμός
665 3740 722 3792 ἐστι
737 3741 783 3805 τῆς
798 3738 933 3795 Αἰτωλίας·
951 3740 1137 3808 μετωνομάσθη
1157 3738 1179 3792 δ’
1195 3742 1292 3807 Εύηνος
1304 3738 1337 3793 δι’

191 3807 273 3860 αἰτίαν
293 3807 420 3875 τοιαύτην.
455 3808 522 3875 Ιδας,
542 3811 556 3861 ὁ
576 3807 711 3879 Ἀφαρέως
730 3812 798 3875 παῖς,
820 3809 852 3864 δι’
872 3810 993 3880 ἐρωτικὴν
1014 3809 1148 3878 ἐπιθυμίαν
1169 3810 1339 3879 Μάρπησσαν

191 3877 310 3946 ἁρπάσας
317 3877 457 3948 ἀπήνεγκεν
465 3879 501 3933 είς
510 3881 659 3947 Πλευρῶνα.
680 3880 829 3949 κατηχηθείς
837 3880 865 3933 δέ
874 3882 932 3948 περὶ
940 3885 990 3934 τῶν
998 3881 1200 3948 συμβεβηκότων
1211 3882 1340 3948 ὁΕὕηνος,

191 3947 327 4001 ἐπεδίωκεν
347 3949 392 4000 τὸν
418 3947 559 4011 ἐπίβουλον
583 3951 628 4016 τῆς
655 3949 720 4004 ίδίας
741 3950 875 4021 θυγατρός·
904 3952 1040 4021 γενόμενος
1066 3949 1093 4003 δέ
1116 3950 1178 4004 κατὰ
1202 3952 1339 4018 Λυκόρμαν

192 4017 233 4070 καί
251 4018 296 4082 τῆς
312 4015 472 4086 συλλήψεως
488 4017 642 4085 ἀπελπίσας,
660 4020 750 4073 ἑαυτὸν
766 4020 801 4074 είς
813 4022 927 4088 ποταμὸν
939 4021 1041 4084 ἔβαλεν·
1060 4020 1088 4075 δς
1100 4018 1143 4073 ἀπ’
1152 4019 1230 4073 αὐτοῦ
1243 4020 1340 4089 Εὔηνος

192 4086 386 4154 μετωνομάσθη.
417 4086 526 4142 Similia
538 4105 581 4157 ap.
597 4090 669 4144 Plut.
683 4090 783 4144 Parall.
797 4091 824 4144 xl
840 4091 887 4144 ubi
907 4109 941 4145 ex
955 4090 1085 4146 Dosithei
1100 4090 1206 4145 ltalicis
1225 4101 1340 4161 sumpta

193 4157 331 4224 dicuntur,
350 4157 481 4225 Apollod.
500 4157 517 4212 i.
537 4171 560 4225 7.
581 4160 605 4227 8,
626 4160 719 4214 Schol.
738 4162 809 4214 Ven.
831 4162 864 4217 ll.
883 4161 917 4216 ix.
939 4174 997 4230 557,
1019 4162 1097 4216 Stob.
1120 4163 1143 4214 F
1145 4162 1195 4215 lor.
1217 4177 1274 4216 100.
1298 4174 1338 4230 15.

194 4230 270 4298 Hyg.
283 4241 334 4292 242
347 4225 485 4280 Enlmnus
498 4229 633 4283 Herculis
641 4231 727 4300 filius
738 4231 769 4283 in
777 4231 890 4299 flumen
902 4233 1067 4302 Lycormam
1085 4249 1113 4285 re
1126 4232 1340 4302 praecipitauit.

194 4301 261 4352 514.
273 4300 449 4352 Tiberinus.
469 4297 555 4354 Liui.
568 4300 695 4370 3Capeto
708 4301 735 4353 T
732 4300 855 4354 zlemnus
866 4302 882 4370 (
882 4301 976 4369 orius)
984 4304 1037 4371 qui
1046 4304 1077 4355 in
1090 4304 1208 4355 traiectu
1216 4303 1342 4357 Albulae

194 4370 287 4424 amnis
298 4368 579 4432 summersussscelebre
589 4371 760 4440 adposleros
771 4372 997 4440 nomenflnmini
1005 4373 1087 4425 dedii.
1107 4374 1239 4441 Excerpt.
1253 4373 1343 4430 Diod.

194 4441 231 4495 vii
251 4437 395 4507 (Schoenii
416 4438 519 4493 Chron.
538 4440 641 4493 Euseb.
657 4440 674 4494 i.
692 4457 720 4509 p.
733 4440 796 4509 287)
820 4442 947 4495 libemus
965 4443 1078 4496 Siluius
1096 4459 1163 4495 uero
1174 4444 1260 4497 annis
1272 4449 1338 4498 octo.

193 4512 254 4567 Hic
266 4511 402 4567 aduersus
417 4509 538 4580 Tymnos
555 4511 706 4566 enera'tum
723 4528 845 4580 monens,
857 4528 920 4567 cnm
932 4516 989 4584 per
999 4513 1026 4568 Α
1030 4513 1104 4568 llam
1118 4529 1229 4567 amnem
1247 4515 1344 4583 copias.
