3038 5010
236 383 293 436 106
636 374 983 435 COMMENTARIVS.

233 532 319 586 Trist.
332 530 349 585 i.
363 547 387 584 2.
401 546 426 585 2.
513 535 559 587 18.
577 534 746 595 Naufragii
757 533 892 585 tabulas.
929 529 1020 585 Simili
1034 531 1119 584 modo
1133 530 1255 600 loquitur
1267 531 1303 585 de
1316 547 1386 585 nau-

233 602 330 671 fragiis
343 603 471 674 fortunae
484 619 552 655 suae
565 602 649 654 Trist.
663 602 680 654 i.
694 603 719 654 6.
733 615 748 667 7
767 602 794 654 T
791 618 810 653 u
820 602 899 671 facis
912 607 945 655 ut
956 603 1077 671 spolium
1090 618 1146 654 non
1159 604 1222 668 sim,
1235 603 1389 656 meander

233 675 268 726 ab
279 675 340 727 illis
354 672 532 740 Naufragii
552 673 686 725 tabulas
701 673 754 740 qui
763 674 870 742 petiere
884 671 954 725 mei.
993 673 1055 725 Val.
1072 675 1147 726 Max.
1161 671 1216 726 viii.
1232 687 1251 726 1.
1266 688 1296 725 12
1309 674 1388 725 inter

233 746 371 796 inarimos
386 750 413 796 et
426 744 615 813 grauissimos
631 743 767 811 infamiae
774 743 886 811 fluctus
899 744 1017 810 emersit,
1033 753 1201 811 tamquam
1220 743 1271 796 fra
1275 760 1386 811 gmen·

233 824 301 867 tum
318 813 485 881 naufragii
499 814 559 865 leue
571 814 720 866 admodum
728 829 821 881 genus
833 813 999 881 descensionis
1012 813 1189 882 amplexus.
1263 817 1308 868 19.
1326 817 1385 867 De·

232 888 345 938 buerat
372 886 494 937 subitae
521 887 704 947 extinguere
730 886 881 937 flammas.
931 883 1057 937 Credidit
1083 882 1250 951 Saluagnius
1281 883 1384 952 respici

233 954 356 1007 officium
375 953 435 1007 siue
454 953 570 1021 uigilum
589 954 648 1006 siue
668 954 783 1022 uigilum
802 952 943 1022 praefecti.
982 953 1048 1021 Dig.
1062 952 1079 1005 i.
1096 966 1133 1021 15.
1149 969 1164 1020 3
1182 954 1294 1008 Paulus
1312 954 1385 1006 libro

231 1025 378 1094 singulari
397 1025 430 1077 de
448 1026 534 1093 efficio
550 1024 689 1093 praefecti
708 1025 840 1094 uigilum.
876 1041 943 1076 nam
963 1025 1081 1078 salutem
1101 1025 1145 1077 rei
1159 1024 1289 1093 publicae
1310 1026 1389 1077 tueri

232 1096 310 1148 nulli
324 1097 417 1165 magis
432 1096 551 1148 credidit
566 1096 713 1147 conuenire
729 1112 778 1147 nec
793 1096 883 1147 alium
900 1095 1022 1164 sufficere
1033 1096 1061 1147 ei
1076 1096 1120 1146 rei
1129 1111 1214 1164 quam
1229 1095 1384 1149 Caesarem.

231 1167 328 1234 itaque
343 1169 444 1234 septem
461 1165 584 1218 cobortes
602 1166 748 1234 oportunis
765 1166 832 1217 locis
848 1167 1001 1232 constituit,
1018 1170 1052 1218 ut
1067 1166 1147 1217 binas
1162 1166 1288 1234 regiones
1306 1165 1386 1218 urbis

231 1253 415 1304 unaquaeque
441 1235 538 1288 cohors
565 1241 688 1303 tueatur,
711 1237 884 1305 praepositis
910 1237 950 1288 eis
977 1236 1100 1288 tribunis
1125 1240 1154 1288 et
1180 1238 1267 1304 super
1291 1251 1386 1288 omnes

230 1307 376 1375 spectabili
394 1307 457 1359 uiro
476 1308 529 1374 qui
543 1306 703 1376 praefectus
722 1307 844 1376 uigilum
864 1306 1034 1374 appellatur.
1070 1306 1209 1375 cognoscit
1224 1306 1385 1375 praejectus

192 1382 197 1392 ‘
232 1378 355 1457 m'gilum
376 1377 409 1430 a'e
429 1377 613 1430 incendiariis
632 1378 823 1446 effractoribus
836 1377 957 1446 sumbus
978 1378 1140 1445 raptoribus
1160 1377 1383 1446 receptatoribus.

234 1449 273 1500 Hi
303 1446 433 1514 libertini,
458 1447 616 1516 praefectus
642 1464 728 1517 eques
752 1447 811 1500 fuit.
863 1446 939 1499 Dion
963 1448 993 1500 C.
1017 1448 1052 1499 lv.
1076 1446 1118 1514 26,
1145 1448 1222 1500 Suet.
1247 1448 1320 1515 Aug.
1340 1459 1384 1515 25.

233 1521 283 1570 20.
301 1521 458 1582 praedam.
498 1519 676 1571 inuolaturus
693 1518 783 1571 fuerat
801 1517 877 1570 bona
895 1516 999 1584 Ouidii,
1018 1516 1072 1570 nisi
1091 1534 1160 1570 uxor
1178 1517 1383 1571 intercessisset

232 1588 315 1642 Trist.
336 1587 354 1640 i.
373 1589 396 1641 6.
420 1603 450 1655 13
479 1589 529 1642 Sic
548 1606 610 1641 mea
634 1590 722 1641 nescio
746 1589 811 1657 quis
834 1587 914 1640 rebus
938 1589 1011 1641 male
1026 1589 1108 1657 fidus
1131 1589 1235 1641 acerbis
1255 1588 1291 1640 In
1313 1588 1385 1640 bona

231 1664 379 1723 uenturus,
391 1660 419 1711 si
424 1662 561 1728 paterere,
565 1659 638 1729 fuit.
710 1661 758 1712 23.
776 1662 819 1711 Di
830 1662 944 1712 melius
957 1658 1093 1712 ‘Heaven
1105 1658 1211 1712 forbid'
1222 1659 1256 1712 A.
1272 1659 1398 1711 Palmer·

233 1729 270 1782 acl
285 1731 354 1782 Her.
368 1728 405 1781 iii.
423 1741 478 1797 125.
518 1730 581 1797 Quo
599 1746 667 1783 sane
684 1746 768 1782 sensu
788 1728 857 1783 alias
874 1729 1019 1798 usurpauit
1037 1728 1166 1797 Ouidius,
1183 1730 1246 1781 Am.
1261 1727 1289 1781 ii.
1302 1740 1326 1794 7.
1343 1743 1384 1796 19,

232 1801 268 1852 A.
281 1801 316 1852 A.
335 1799 361 1853 ii.
382 1800 441 1866 388,
464 1802 545 1853 Rem.
564 1814 625 1868 439,
649 1802 688 1853 M.
709 1799 742 1853 ix.
762 1800 824 1868 496.
875 1800 1020 1854 Interdum
1043 1809 1139 1852 tamen
1161 1807 1204 1852 est
1228 1797 1291 1852 ‘the
1311 1798 1384 1866 gods

232 1869 364 1923 forbade’
382 1880 412 1923 ut
431 1871 491 1923 Val.
513 1873 590 1924 Max.
603 1870 637 1924 vi.
656 1887 677 1924 1.
695 1872 759 1924 Ext.
773 1884 789 1938 3
804 1870 848 1922 Di
864 1871 964 1924 melius
981 1871 1058 1938 quoa'
1072 1870 1148 1923 bunc
1162 1870 1292 1922 animum
1310 1871 1385 1922 uiris

231 1958 330 1993 eamcm
354 1942 386 1994 in
411 1942 469 1993 acie
493 1957 549 1994 non
575 1942 712 1995 dederuut
740 1957 824 2009 quem
852 1941 945 1994 locum
971 1941 1104 1994 Schottus
1132 1939 1224 1994 attulit
1250 1939 1288 1992 ad
1316 1940 1382 1993 Sen.

233 2013 367 2065 Controu.
380 2029 404 2064 sc
421 2011 509 2064 Praei.
523 2025 540 2076 4
559 2013 603 2065 Di
613 2012 713 2065 melius
729 2013 805 2079 quod
818 2028 848 2063 eo
862 2011 970 2064 saeculo
982 2013 1037 2064 ista
1049 2012 1229 2081 mgembrum
1242 2010 1384 2078 supplicia

231 2086 380 2151 coeperunt
400 2098 454 2150 quo
474 2083 590 2151 ingenia
610 2084 760 2135 desierunt.
798 2083 864 2135 Sen.
890 2081 980 2150 Epist.
1004 2083 1044 2149 98.
1066 2096 1083 2147 4
1104 2083 1147 2134 Et
1166 2081 1266 2134 senties
1286 2079 1338 2133 boc
1357 2085 1385 2133 et

231 2152 407 2220 confiteberis,
427 2152 559 2205 nibilex
580 2153 625 2205 nis
648 2152 816 2221 optabilibus
836 2157 863 2205 et
885 2154 961 2205 caris
981 2153 1051 2204 utile
1071 2169 1135 2220 esse,
1156 2153 1216 2204 nisi
1237 2156 1264 2204 te
1284 2156 1384 2204 contra

232 2223 375 2276 leuitatem
392 2239 473 2275 casces
489 2240 639 2291 rerumque
654 2239 748 2275 casum
765 2224 939 2290 sequentium
960 2223 1138 2292 instruxeris,
1158 2223 1217 2274 uisi
1233 2222 1311 2274 illud
1320 2221 1384 2290 sre-

231 2297 350 2362 quenter
365 2297 392 2345 et
406 2294 467 2345 sine
483 2294 606 2361 querella
624 2295 701 2345 c'nter
714 2293 830 2362 singula
842 2293 947 2345 damna
963 2294 1069 2346 dixeris
1087 2292 1149 2345 Dis
1162 2291 1262 2346 aliter
1275 2290 1383 2344 uisum

231 2373 300 2416 est:
319 2364 405 2415 tinmo
423 2362 588 2416 mehercules
602 2369 635 2416 ut
652 2380 763 2416 camnen
773 2365 884 2429 fortius
902 2381 935 2416 ac
950 2365 1056 2417 iustius
1068 2367 1165 2432 petam
1183 2379 1238 2430 quo
1253 2363 1384 2414 animum

231 2439 314 2486 tuum
335 2435 426 2503 magis
437 2434 555 2503 fulcias,
573 2434 624 2487 boc
643 2435 736 2500 dicito,
755 2435 882 2501 quotiens
902 2435 1016 2502 aliquid
1033 2435 1119 2488 aliter
1136 2450 1221 2502 quam
1242 2433 1384 2501 cogitabas

231 2505 363 2570 euenerit,
384 2503 425 2557 Di
445 2504 574 2558 melius.
611 2505 661 2557 Sic
674 2506 823 2571 composito
840 2504 917 2558 nibil
930 2506 1035 2558 occillet
1041 2525 1052 2559 .·
1070 2504 1110 2558 ita
1122 2502 1198 2557 enim
1210 2512 1285 2556 recte
1298 2502 1383 2556 inter·

232 2583 358 2643 pretatus
377 2584 420 2627 est
438 2573 636 2642 Hertzbergius
656 2574 693 2627 ad
713 2576 794 2643 Prop.
809 2574 843 2628 iv.
857 2576 881 2628 6.
895 2575 937 2643 65.
977 2577 1076 2644 Itaque
1095 2574 1171 2628 haud
1190 2572 1249 2626 scio
1268 2589 1305 2626 an
1323 2589 1383 2626 non

232 2644 333 2698 melius
351 2661 427 2698 nunc
446 2644 486 2697 sic
507 2645 653 2713 intellegas
672 2646 705 2698 di
724 2646 824 2698 melius
836 2645 1050 2715 secemmt·‘the
1071 2645 1142 2713 gods
1161 2643 1253 2697 willed
1273 2643 1382 2698 better)

232 2718 283 2770 24.
302 2717 366 2775 Qui
378 2753 385 2767 .
397 2756 404 2768 .
417 2719 521 2770 noluit
538 2717 690 2784 Augustus.
802 2718 851 2771 25.
868 2720 1058 2780 ubicumque
1070 2731 1247 2786 quacumque
1260 2712 1288 2766 in
1301 2723 1382 2783 parte

232 2795 377 2852 terrarum,
397 2784 457 2839 siue
475 2785 504 2838 in
524 2787 615 2839 Ponto
634 2786 694 2840 siue
713 2785 768 2840 alio
787 2803 843 2856 quo
861 2788 1021 2841 transferar.
1148 2788 1197 2838 26.
1216 2790 1382 2838 mansueto

231 2863 357 2920 pectore
369 2857 430 2909 Vel
446 2858 521 2910 Max
536 2856 573 2910 iii.
588 2857 611 2911 8.
625 2872 641 2910 2
655 2859 718 2911 Ext.
797 2860 845 2912 27.
864 2861 989 2911 Audiet.
1026 2858 1133 2910 Pontus
1152 2873 1197 2909 me
1215 2855 1310 2909 audiet
1328 2855 1381 2908 has

231 2937 326 2994 grates
345 2936 496 2994 agentem;
519 2927 638 2981 fortasse
657 2927 742 2981 etiam
764 2931 849 2981 idem
867 2930 1011 2996 Augustus
1029 2926 1166 2981 mutando
1188 2928 1281 2979 locum
1306 2925 1381 2978 exilii

231 3000 326 3051 molet
348 3003 386 3051 ut
413 3003 499 3051 terre
525 3002 655 3064 propior
680 2998 779 3053 Italiae
807 3001 1005 3052 testificanda
1032 3001 1074 3052 eit
1097 3000 1177 3051 mihi
1201 2997 1227 3050 h.
1251 3013 1275 3050 e.
1301 2995 1381 3049 testis

233 3067 393 3121 inuocanda
405 3068 476 3136 grati
489 3068 583 3123 animi.
699 3073 750 3123 28.
768 3073 897 3134 propior
909 3069 991 3122 Trist.
1007 3067 1041 3122 iv.
1055 3083 1080 3134 4.
1096 3080 1124 3136 51
1144 3068 1251 3120 Mitius
1262 3067 1382 3119 em'linm

227 3140 372 3209 pauloque
384 3141 578 3208 propinquius
589 3143 661 3209 opto,
674 3139 701 3194 ii.
715 3141 762 3207 185
779 3139 965 3206 (Constantia.
981 3138 1139 3205 Fanensis).
1247 3141 1294 3191 29.
1314 3141 1382 3191 uio·

231 3213 316 3263 lente
326 3209 372 3278 qui
383 3209 456 3262 mihi
463 3219 522 3262 tam
530 3211 612 3264 foede
621 3210 760 3264 insultasti
772 3212 852 3263 Pont.
862 3209 895 3263 iv.
906 3225 931 3276 3.
940 3223 983 3275 27.
1018 3212 1066 3263 30.
1081 3213 1152 3271 Qua
1160 3212 1234 3263 lieet
1243 3217 1380 3278 quantum

231 3280 301 3332 mihi
313 3283 427 3334 misero
439 3280 513 3334 licet.
551 3281 702 3349 Relegatus
719 3280 864 3334 enimnon
878 3280 934 3333 iam
947 3280 1066 3333 multum
1082 3289 1199 3349 poterat.
1243 3279 1384 3348 Qualicet

231 3350 363 3419 frequens
376 3368 420 3419 ap.
436 3351 570 3404 Ouidium
585 3353 651 3405 Her.
662 3352 695 3404 iv.
708 3366 724 3419 9
736 3352 800 3420 Qua
811 3352 875 3404 licet
886 3357 914 3405 et
923 3352 1059 3419 sequitur,
1067 3351 1166 3420 pudor
1175 3355 1216 3403 est
1227 3349 1383 3402 miscendus

231 3423 326 3474 artiori
335 3424 399 3475 Am.
413 3420 450 3474 iii.
464 3422 488 3475 8.
501 3434 530 3489 51
548 3422 611 3491 Qua
623 3424 693 3488 licet,
707 3423 818 3491 affictas
829 3422 935 3474 caelum
948 3439 1063 3490 quoque.
1095 3423 1176 3474 Pont.
1189 3419 1217 3474 ii.
1230 3434 1255 3485 4.
1268 3435 1302 3486 34
1318 3419 1382 3486 Qua

231 3492 295 3544 licet
306 3497 334 3544 et
344 3497 483 3560 quantum
496 3509 552 3545 non
565 3509 695 3545 onerosus
706 3510 760 3546 ero.
798 3495 923 3546 debitus
936 3493 1048 3561 qualem
1060 3509 1107 3544 me
1120 3491 1204 3544 debet
1219 3490 1270 3543 tibi
1288 3500 1337 3543 tua
1352 3489 1381 3542 in

232 3579 278 3615 me
291 3562 449 3616 crudelitas.
482 3562 566 3616 Trist.
577 3562 603 3615 ii.
618 3564 674 3616 160.
755 3566 800 3616 31.
821 3562 926 3616 Herod.
941 3562 996 3616 viii.
1014 3577 1061 3628 143
1081 3566 1125 3614 νῦν
1138 3561 1165 3614 δὲ
1181 3561 1331 3646 ἀπάγγελλε
1344 3561 1380 3630 τῷ

232 3631 369 3703 Μαρδονίῳ
388 3634 422 3686 ὡς
438 3630 567 3698 Ἀθηναῖοι
585 3633 703 3701 λέγουσι,
720 3633 786 3686 ἔστ’
801 3632 835 3685 ἂν
853 3635 867 3684 ὁ
885 3632 975 3700 ἥλιος
992 3633 1045 3700 τὴν
1063 3631 1157 3699 αὐτὴν
1175 3631 1235 3684 ὁδὸν
1254 3652 1281 3696 tq
1300 3631 1380 3698 τῇπερ

232 3704 280 3754 καὶ
293 3706 344 3754 νῦν
357 3704 493 3771 ἔρχεται,
506 3701 622 3769 μήποτε
635 3702 846 3771 ὁμολογήσειν
857 3701 950 3772 ἡμέας
962 3705 1046 3772 Ξέρξῃ
1059 3712 1087 3756 et
1099 3721 1125 3757 v.
1136 3717 1179 3770 92.
1249 3704 1298 3756 35.
1316 3702 1380 3755 fra-

231 3778 321 3825 terno
338 3775 425 3825 fumo
442 3772 470 3824 in
488 3789 537 3827 ara
550 3773 674 3826 Eteoclis
691 3783 719 3826 et
737 3772 887 3841 Polynicis.
929 3773 1002 3841 Hyg.
1014 3774 1048 3826 68
1061 3774 1186 3827 Eteocles
1197 3778 1225 3826 et
1235 3773 1381 3841 Polynices

144 3860 148 3866 ·
230 3844 308 3895 inter
319 3859 347 3894 se
360 3847 522 3912 pugnantes
539 3844 615 3894 alius
633 3845 723 3896 alium
742 3844 948 3912 interfecerunt.
983 3845 1042 3896 His
1053 3861 1116 3897 cum
1134 3844 1161 3896 T
1156 3844 1232 3896 bobis
1244 3846 1380 3912 parenta-

137 3946 141 3951 -
230 3919 313 3965 retur
333 3913 518 3981 (parentatur
537 3913 687 3981 Niebuhr),
705 3916 759 3968 etsi
781 3920 882 3967 uentus
905 3913 1050 3967 uelcemens
1072 3920 1140 3968 esset
1162 3914 1213 3981 (est
1238 3912 1379 3980 Niebuhr)

230 3988 324 4036 tamen
339 3983 444 4051 fiemus
463 4000 492 4035 se
512 4000 667 4052 numquam
688 3986 719 4037 in
741 4001 828 4037 unam
847 3989 961 4053 partem
985 3987 1131 4053 conuertit,
1152 3985 1203 4038 sed
1223 3985 1299 4037 alius
1322 3984 1380 4036 alio

230 4054 380 4107 seducitur.
420 4055 486 4107 Luc
500 4053 517 4108 i.
532 4066 590 4122 552,
605 4055 674 4108 Stat.
689 4057 720 4109 T.
735 4055 781 4108 xii.
794 4070 925 4123 429-433‚
938 4058 1044 4110 Auson.
1058 4055 1155 4124 Epigr.
1171 4069 1228 4122 139,
1246 4055 1333 4107 Anth.
1348 4055 1379 4108 P.

231 4123 275 4176 vii.
297 4138 356 4192 399.
394 4124 525 4177 Eandem
546 4125 671 4178 fabulam
691 4136 785 4179 narrat
806 4125 925 4180 Ouidius
945 4126 1029 4180 Trist.
1042 4144 1068 4180 v.
1086 4138 1107 4193 5.
1123 4127 1210 4192 33—38
1229 4124 1276 4177 ubi
1300 4124 1379 4178 addit

232 4194 437 4248 Callimachum
453 4194 482 4247 id
498 4212 680 4264 memorasse,
698 4196 757 4250 siue
775 4196 803 4249 in
823 4196 912 4263 Ibide,
925 4195 986 4249 siue
1003 4195 1032 4249 in
1047 4196 1146 4263 Aetiis‚
1160 4206 1189 4249 ut
1204 4194 1379 4248 Schneidero

230 4266 323 4333 placet
338 4264 446 4318 Callim.
460 4264 487 4319 ii.
500 4283 527 4334 p.
540 4266 601 4320 626.
672 4270 720 4321 36.
739 4271 848 4335 Quem,
867 4284 924 4319 non
943 4283 1036 4334 quam,
1049 4267 1201 4335 legendum
1220 4282 1283 4319 esse
1295 4264 1378 4318 docet

230 4335 371 4404 oppositio
381 4336 592 4390 sententiarum.
620 4338 720 4406 iunget
732 4354 817 4392 noua
829 4340 996 4392 eoncordia
1004 4337 1111 4390 fumum
1121 4353 1214 4401 quem
1226 4341 1319 4390 uetus
1330 4339 1380 4389 ira

230 4413 362 4470 separat.
393 4405 470 4459 ‘And
483 4424 544 4460 new
557 4420 719 4476 agreement
732 4409 830 4463 shalbe
844 4409 936 4474 made,
950 4407 977 4460 in
990 4408 1119 4461 brothers
1132 4407 1249 4461 smooke
1262 4405 1377 4474 againe:

229 4477 333 4530 Which
358 4486 433 4531 earst
458 4477 485 4531 in
507 4478 619 4547 blasing
642 4479 740 4533 flames
762 4480 795 4532 of
814 4479 882 4549 syre,
904 4479 968 4532 olde
992 4495 1092 4532 rancor
1113 4488 1175 4532 rent
1201 4478 1228 4530 in
1254 4477 1380 4546 twayne'
