<?xml version="1.0" encoding="UTF-8"?>
<!DOCTYPE html PUBLIC "-//W3C//DTD XHTML 1.0 Transitional//EN"
    "http://www.w3.org/TR/xhtml1/DTD/xhtml1-transitional.dtd">
<html xmlns="http://www.w3.org/1999/xhtml" xml:lang="en" lang="en">
 <head>
  <title>
</title>
<meta http-equiv="Content-Type" content="text/html;charset=utf-8" />
  <meta name='ocr-system' content='tesseract 3.04.00' />
  <meta name='ocr-capabilities' content='ocr_page ocr_carea ocr_par ocr_line ocrx_word'/>
</head>
<body>
  <div class='ocr_page' id='page_1' title='image "./povidiinasonisi00elligoog_0026.png"; bbox 0 0 3038 5010; ppageno 0'>
   <div class='ocr_carea' id='block_1_1' title="bbox 465 392 1304 457">
    <p class='ocr_par' dir='ltr' id='par_1_1' title="bbox 465 392 1304 457">
     <span class='ocr_line' id='line_1_1' title="bbox 465 392 1304 457; baseline 0.007 -6"><span class='ocrx_word' id='word_1_1' title='bbox 465 392 469 399; x_wconf 81' lang='grc'><strong>’</strong></span> <span class='ocrx_word' id='word_1_2' title='bbox 562 392 887 455; x_wconf 89' lang='lat' dir='ltr'>PROLEGOMENA.</span> <span class='ocrx_word' id='word_1_3' title='bbox 1235 398 1304 457; x_wconf 90' lang='lat' dir='ltr'>xxiii</span> 
     </span>
    </p>
   </div>
   <div class='ocr_carea' id='block_1_2' title="bbox 145 551 1306 874">
    <p class='ocr_par' dir='ltr' id='par_1_2' title="bbox 145 551 1306 874">
     <span class='ocr_line' id='line_1_2' title="bbox 153 551 1305 630; baseline 0.001 -18"><span class='ocrx_word' id='word_1_4' title='bbox 153 556 209 630; x_wconf 73' lang='lat' dir='ltr'>ejece</span> <span class='ocrx_word' id='word_1_5' title='bbox 228 555 320 629; x_wconf 72' lang='lat' dir='ltr'>pati)</span> <span class='ocrx_word' id='word_1_6' title='bbox 342 552 421 611; x_wconf 88' lang='lat' dir='ltr'>Nam</span> <span class='ocrx_word' id='word_1_7' title='bbox 442 551 548 629; x_wconf 92' lang='lat' dir='ltr'>quibus</span> <span class='ocrx_word' id='word_1_8' title='bbox 569 552 707 611; x_wconf 87' lang='lat' dir='ltr'>uerbisa</span> <span class='ocrx_word' id='word_1_9' title='bbox 726 552 831 611; x_wconf 89' lang='lat' dir='ltr'>Tacito</span> <span class='ocrx_word' id='word_1_10' title='bbox 850 551 968 611; x_wconf 86' lang='lat' dir='ltr'>Cassius</span> <span class='ocrx_word' id='word_1_11' title='bbox 990 553 1114 612; x_wconf 88' lang='lat' dir='ltr'>Seuerus</span> <span class='ocrx_word' id='word_1_12' title='bbox 1134 553 1305 614; x_wconf 88' lang='lat' dir='ltr'>describitur</span> 
     </span>
     <span class='ocr_line' id='line_1_3' title="bbox 153 634 1306 710; baseline 0 -17"><span class='ocrx_word' id='word_1_13' title='bbox 153 636 233 694; x_wconf 87' lang='lat' dir='ltr'>Ann.</span> <span class='ocrx_word' id='word_1_14' title='bbox 261 637 298 694; x_wconf 89' lang='lat' dir='ltr'>iv.</span> <span class='ocrx_word' id='word_1_15' title='bbox 330 653 364 692; x_wconf 87' lang='lat'>21</span> <span class='ocrx_word' id='word_1_16' title='bbox 395 635 521 692; x_wconf 72' lang='lat' dir='ltr'>sordidae</span> <span class='ocrx_word' id='word_1_17' title='bbox 553 635 684 710; x_wconf 60' lang='lat' dir='ltr'>origenes,</span> <span class='ocrx_word' id='word_1_18' title='bbox 713 634 849 709; x_wconf 87' lang='lat' dir='ltr'>maleficae</span> <span class='ocrx_word' id='word_1_19' title='bbox 875 635 957 705; x_wconf 84' lang='lat' dir='ltr'>uitae,</span> <span class='ocrx_word' id='word_1_20' title='bbox 985 637 1035 693; x_wconf 89' lang='lat' dir='ltr'>sed</span> <span class='ocrx_word' id='word_1_21' title='bbox 1061 635 1165 692; x_wconf 83' lang='lat' dir='ltr'>orandi</span> <span class='ocrx_word' id='word_1_22' title='bbox 1192 637 1306 693; x_wconf 70' lang='lat' dir='ltr'>ualidus</span> 
     </span>
     <span class='ocr_line' id='line_1_4' title="bbox 145 714 1305 792; baseline -0.001 -18"><span class='ocrx_word' id='word_1_23' title='bbox 145 727 201 792; x_wconf 76' lang='lat' dir='ltr'>per</span> <span class='ocrx_word' id='word_1_24' title='bbox 225 718 384 774; x_wconf 87' lang='lat' dir='ltr'>immodicas</span> <span class='ocrx_word' id='word_1_25' title='bbox 411 715 575 773; x_wconf 77' lang='lat' dir='ltr'>inimicitias</span> <span class='ocrx_word' id='word_1_26' title='bbox 601 721 634 772; x_wconf 91' lang='lat' dir='ltr'>ut</span> <span class='ocrx_word' id='word_1_27' title='bbox 659 716 760 772; x_wconf 74' lang='lat' dir='ltr'>iudicia</span> <span class='ocrx_word' id='word_1_28' title='bbox 787 717 881 773; x_wconf 79' lang='lat' dir='ltr'>curati</span> <span class='ocrx_word' id='word_1_29' title='bbox 900 722 1011 773; x_wconf 88' lang='lat' dir='ltr'>senatus</span> <span class='ocrx_word' id='word_1_30' title='bbox 1030 714 1147 776; x_wconf 79' lang='lat' dir='ltr'>‚Cretam</span> <span class='ocrx_word' id='word_1_31' title='bbox 1169 735 1305 775; x_wconf 85' lang='lat' dir='ltr'>amouere-</span> 
     </span>
     <span class='ocr_line' id='line_1_5' title="bbox 152 795 1305 874; baseline 0.002 -19"><span class='ocrx_word' id='word_1_32' title='bbox 152 804 200 856; x_wconf 85' lang='lat' dir='ltr'>tur</span> <span class='ocrx_word' id='word_1_33' title='bbox 221 799 352 874; x_wconf 75' lang='lat' dir='ltr'>effecerat,</span> <span class='ocrx_word' id='word_1_34' title='bbox 368 796 480 856; x_wconf 88' lang='lat' dir='ltr'>eisdem</span> <span class='ocrx_word' id='word_1_35' title='bbox 502 795 561 854; x_wconf 90' lang='lat' dir='ltr'>fere</span> <span class='ocrx_word' id='word_1_36' title='bbox 584 795 645 854; x_wconf 91' lang='lat' dir='ltr'>Ibis</span> <span class='ocrx_word' id='word_1_37' title='bbox 663 795 860 864; x_wconf 81' lang='lat' dir='ltr'><strong>adumbratur.</strong></span> <span class='ocrx_word' id='word_1_38' title='bbox 901 796 1056 872; x_wconf 90' lang='lat' dir='ltr'>Potuitque</span> <span class='ocrx_word' id='word_1_39' title='bbox 1081 796 1128 855; x_wconf 90' lang='lat' dir='ltr'>hic</span> <span class='ocrx_word' id='word_1_40' title='bbox 1150 816 1221 856; x_wconf 91' lang='lat' dir='ltr'>sane</span> <span class='ocrx_word' id='word_1_41' title='bbox 1241 798 1305 874; x_wconf 89' lang='lat' dir='ltr'>ipse</span> 
     </span>
    </p>
   </div>
   <div class='ocr_carea' id='block_1_3' title="bbox 49 876 1305 953">
    <p class='ocr_par' dir='ltr' id='par_1_3' title="bbox 49 876 1305 953">
     <span class='ocr_line' id='line_1_6' title="bbox 49 876 1305 953; baseline 0 -16"><span class='ocrx_word' id='word_1_42' title='bbox 49 908 54 917; x_wconf 91' lang='lat'><em>·</em></span> <span class='ocrx_word' id='word_1_43' title='bbox 154 878 276 939; x_wconf 89' lang='lat' dir='ltr'>Cassius</span> <span class='ocrx_word' id='word_1_44' title='bbox 293 897 367 937; x_wconf 91' lang='lat' dir='ltr'>esse.</span> <span class='ocrx_word' id='word_1_45' title='bbox 410 876 489 935; x_wconf 89' lang='lat' dir='ltr'>Nam</span> <span class='ocrx_word' id='word_1_46' title='bbox 508 887 538 935; x_wconf 91' lang='lat' dir='ltr'>et</span> <span class='ocrx_word' id='word_1_47' title='bbox 555 876 684 953; x_wconf 89' lang='lat' dir='ltr'>aequalis</span> <span class='ocrx_word' id='word_1_48' title='bbox 702 877 761 935; x_wconf 89' lang='lat' dir='ltr'>fere</span> <span class='ocrx_word' id='word_1_49' title='bbox 776 876 884 936; x_wconf 90' lang='lat' dir='ltr'>Ouidio</span> <span class='ocrx_word' id='word_1_50' title='bbox 899 877 960 949; x_wconf 88' lang='lat' dir='ltr'>fuit,</span> <span class='ocrx_word' id='word_1_51' title='bbox 975 896 1043 937; x_wconf 91' lang='lat' dir='ltr'>cum</span> <span class='ocrx_word' id='word_1_52' title='bbox 1061 877 1194 937; x_wconf 91' lang='lat' dir='ltr'>nondum</span> <span class='ocrx_word' id='word_1_53' title='bbox 1213 896 1305 937; x_wconf 85' lang='lat' dir='ltr'>senex</span> 
     </span>
    </p>
   </div>
   <div class='ocr_carea' id='block_1_4' title="bbox 155 959 1357 2906">
    <p class='ocr_par' dir='ltr' id='par_1_4' title="bbox 155 959 1357 2906">
     <span class='ocr_line' id='line_1_7' title="bbox 157 959 1305 1035; baseline -0.001 -16"><span class='ocrx_word' id='word_1_54' title='bbox 157 960 269 1020; x_wconf 85' lang='lat' dir='ltr'>Cretam</span> <span class='ocrx_word' id='word_1_55' title='bbox 293 967 408 1030; x_wconf 89' lang='lat' dir='ltr'>amotus,</span> <span class='ocrx_word' id='word_1_56' title='bbox 433 968 536 1034; x_wconf 90' lang='lat' dir='ltr'>postea</span> <span class='ocrx_word' id='word_1_57' title='bbox 561 959 638 1017; x_wconf 78' lang='lat' dir='ltr'>denes</span> <span class='ocrx_word' id='word_1_58' title='bbox 658 965 762 1016; x_wconf 85' lang='lat' dir='ltr'>exutus</span> <span class='ocrx_word' id='word_1_59' title='bbox 786 959 927 1017; x_wconf 68' lang='lat' dir='ltr'>enurm&#39;cte</span> <span class='ocrx_word' id='word_1_60' title='bbox 950 960 1016 1035; x_wconf 84' lang='lat' dir='ltr'>igni</span> <span class='ocrx_word' id='word_1_61' title='bbox 1035 965 1115 1033; x_wconf 86' lang='lat' dir='ltr'>atque</span> <span class='ocrx_word' id='word_1_62' title='bbox 1137 979 1210 1035; x_wconf 87' lang='lat' dir='ltr'>aqua</span> <span class='ocrx_word' id='word_1_63' title='bbox 1231 979 1305 1018; x_wconf 87' lang='lat' dir='ltr'>saxo</span> 
     </span>
     <span class='ocr_line' id='line_1_8' title="bbox 155 1037 1305 1119; baseline 0 -19"><span class='ocrx_word' id='word_1_64' title='bbox 155 1041 274 1117; x_wconf 80' lang='lat' dir='ltr'>Seripho</span> <span class='ocrx_word' id='word_1_65' title='bbox 292 1042 463 1099; x_wconf 83' lang='lat' dir='ltr'>consenuerit</span> <span class='ocrx_word' id='word_1_66' title='bbox 480 1057 574 1115; x_wconf 90' lang='lat' dir='ltr'>usque</span> <span class='ocrx_word' id='word_1_67' title='bbox 593 1041 630 1098; x_wconf 90' lang='lat' dir='ltr'>ab</span> <span class='ocrx_word' id='word_1_68' title='bbox 649 1058 728 1098; x_wconf 91' lang='lat' dir='ltr'>anno</span> <span class='ocrx_word' id='word_1_69' title='bbox 751 1039 978 1119; x_wconf 65' lang='lat' dir='ltr'>777124,(Tae.</span> <span class='ocrx_word' id='word_1_70' title='bbox 997 1041 1076 1099; x_wconf 88' lang='lat' dir='ltr'>Ann.</span> <span class='ocrx_word' id='word_1_71' title='bbox 1091 1041 1126 1098; x_wconf 89' lang='lat' dir='ltr'>iv.</span> <span class='ocrx_word' id='word_1_72' title='bbox 1144 1037 1204 1116; x_wconf 78' lang='lat' dir='ltr'>ar),</span> <span class='ocrx_word' id='word_1_73' title='bbox 1223 1051 1252 1099; x_wconf 92' lang='lat' dir='ltr'>et</span> <span class='ocrx_word' id='word_1_74' title='bbox 1273 1043 1305 1100; x_wconf 93' lang='lat' dir='ltr'>in</span> 
     </span>
     <span class='ocr_line' id='line_1_9' title="bbox 155 1120 1304 1200; baseline 0 -20"><span class='ocrx_word' id='word_1_75' title='bbox 155 1123 219 1182; x_wconf 86' lang='lat' dir='ltr'>foro</span> <span class='ocrx_word' id='word_1_76' title='bbox 238 1123 361 1180; x_wconf 91' lang='lat' dir='ltr'>multum</span> <span class='ocrx_word' id='word_1_77' title='bbox 379 1121 547 1180; x_wconf 87' lang='lat' dir='ltr'>uersabatur</span> <span class='ocrx_word' id='word_1_78' title='bbox 564 1121 614 1197; x_wconf 93' lang='lat' dir='ltr'>qui</span> <span class='ocrx_word' id='word_1_79' title='bbox 631 1120 756 1197; x_wconf 88' lang='lat' dir='ltr'>aliquem</span> <span class='ocrx_word' id='word_1_80' title='bbox 774 1140 890 1197; x_wconf 89' lang='lat' dir='ltr'>semper</span> <span class='ocrx_word' id='word_1_81' title='bbox 908 1131 1058 1181; x_wconf 88' lang='lat' dir='ltr'>accusaret</span> <span class='ocrx_word' id='word_1_82' title='bbox 1073 1120 1153 1200; x_wconf 87' lang='lat' dir='ltr'>(Sen.</span> <span class='ocrx_word' id='word_1_83' title='bbox 1167 1121 1304 1199; x_wconf 90' lang='lat' dir='ltr'>Excerpt.</span> 
     </span>
     <span class='ocr_line' id='line_1_10' title="bbox 157 1201 1306 1282; baseline -0.001 -19"><span class='ocrx_word' id='word_1_84' title='bbox 157 1205 298 1264; x_wconf 92' lang='lat' dir='ltr'>Controu.</span> <span class='ocrx_word' id='word_1_85' title='bbox 316 1201 357 1282; x_wconf 89' lang='lat'>5),</span> <span class='ocrx_word' id='word_1_86' title='bbox 371 1203 449 1260; x_wconf 91' lang='lat' dir='ltr'>unde</span> <span class='ocrx_word' id='word_1_87' title='bbox 469 1202 540 1260; x_wconf 93' lang='lat' dir='ltr'>illud</span> <span class='ocrx_word' id='word_1_88' title='bbox 553 1202 680 1278; x_wconf 87' lang='lat' dir='ltr'>Augusti</span> <span class='ocrx_word' id='word_1_89' title='bbox 693 1220 740 1278; x_wconf 92' lang='lat' dir='ltr'>ap.</span> <span class='ocrx_word' id='word_1_90' title='bbox 756 1201 887 1262; x_wconf 91' lang='lat' dir='ltr'>Macrob.</span> <span class='ocrx_word' id='word_1_91' title='bbox 903 1204 930 1262; x_wconf 88' lang='lat' dir='ltr'>ii.</span> <span class='ocrx_word' id='word_1_92' title='bbox 946 1221 973 1275; x_wconf 85' lang='lat'>4.</span> <span class='ocrx_word' id='word_1_93' title='bbox 989 1224 1006 1279; x_wconf 91' lang='lat'>9</span> <span class='ocrx_word' id='word_1_94' title='bbox 1024 1202 1096 1262; x_wconf 89' lang='lat' dir='ltr'>Cum</span> <span class='ocrx_word' id='word_1_95' title='bbox 1110 1204 1194 1261; x_wconf 89' lang='lat' dir='ltr'>multi</span> <span class='ocrx_word' id='word_1_96' title='bbox 1204 1202 1306 1262; x_wconf 87' lang='lat' dir='ltr'>Seuera</span> 
     </span>
     <span class='ocr_line' id='line_1_11' title="bbox 160 1283 1305 1363; baseline -0.003 -16"><span class='ocrx_word' id='word_1_97' title='bbox 160 1286 260 1347; x_wconf 77' lang='lat' dir='ltr'>Cassae</span> <span class='ocrx_word' id='word_1_98' title='bbox 276 1290 421 1343; x_wconf 83' lang='lat' dir='ltr'>accusante</span> <span class='ocrx_word' id='word_1_99' title='bbox 438 1285 644 1341; x_wconf 83' lang='lat' dir='ltr'>absoluerentur</span> <span class='ocrx_word' id='word_1_100' title='bbox 656 1289 683 1341; x_wconf 90' lang='lat' dir='ltr'>ct</span> <span class='ocrx_word' id='word_1_101' title='bbox 698 1283 863 1342; x_wconf 79' lang='lat' dir='ltr'>architectus</span> <span class='ocrx_word' id='word_1_102' title='bbox 871 1286 944 1363; x_wconf 74' lang='lat' dir='ltr'>fleri</span> <span class='ocrx_word' id='word_1_103' title='bbox 954 1285 1082 1361; x_wconf 79' lang='lat' dir='ltr'>Augusti</span> <span class='ocrx_word' id='word_1_104' title='bbox 1096 1287 1305 1360; x_wconf 73' lang='lat' dir='ltr'>expectationem</span> 
     </span>
     <span class='ocr_line' id='line_1_12' title="bbox 157 1364 1304 1444; baseline -0.002 -18"><span class='ocrx_word' id='word_1_105' title='bbox 157 1368 247 1443; x_wconf 83' lang='lat' dir='ltr'>operis</span> <span class='ocrx_word' id='word_1_106' title='bbox 257 1369 307 1425; x_wconf 80' lang='lat' dir='ltr'>diu</span> <span class='ocrx_word' id='word_1_107' title='bbox 321 1366 447 1423; x_wconf 79' lang='lat' dir='ltr'>traheret</span> <span class='ocrx_word' id='word_1_108' title='bbox 459 1368 499 1422; x_wconf 88' lang='lat' dir='ltr'>ita</span> <span class='ocrx_word' id='word_1_109' title='bbox 511 1367 614 1422; x_wconf 78' lang='lat' dir='ltr'>recatus</span> <span class='ocrx_word' id='word_1_110' title='bbox 627 1371 682 1422; x_wconf 87' lang='lat' dir='ltr'>cst:</span> <span class='ocrx_word' id='word_1_111' title='bbox 705 1364 801 1422; x_wconf 86' lang='lat' dir='ltr'>Vellem</span> <span class='ocrx_word' id='word_1_112' title='bbox 813 1365 929 1424; x_wconf 84' lang='lat' dir='ltr'>Cassius</span> <span class='ocrx_word' id='word_1_113' title='bbox 938 1371 965 1423; x_wconf 90' lang='lat' dir='ltr'>ct</span> <span class='ocrx_word' id='word_1_114' title='bbox 975 1367 1167 1444; x_wconf 84' lang='lat' dir='ltr'>mcumforum</span> <span class='ocrx_word' id='word_1_115' title='bbox 1181 1372 1288 1424; x_wconf 85' lang='lat' dir='ltr'>accuset</span> <span class='ocrx_word' id='word_1_116' title='bbox 1289 1386 1304 1434; x_wconf 86' lang='lat'>,·</span> 
     </span>
     <span class='ocr_line' id='line_1_13' title="bbox 158 1445 1305 1525; baseline -0.003 -18"><span class='ocrx_word' id='word_1_117' title='bbox 158 1461 187 1507; x_wconf 92' lang='lat' dir='ltr'>et</span> <span class='ocrx_word' id='word_1_118' title='bbox 217 1451 295 1507; x_wconf 84' lang='lat' dir='ltr'>uires</span> <span class='ocrx_word' id='word_1_119' title='bbox 318 1448 498 1525; x_wconf 76' lang='lat' dir='ltr'>feminasque</span> <span class='ocrx_word' id='word_1_120' title='bbox 531 1447 661 1504; x_wconf 79' lang='lat' dir='ltr'>inlustres</span> <span class='ocrx_word' id='word_1_121' title='bbox 689 1448 854 1521; x_wconf 85' lang='lat' dir='ltr'>procacibus</span> <span class='ocrx_word' id='word_1_122' title='bbox 886 1447 998 1521; x_wconf 67' lang='lat' dir='ltr'>scriptis</span> <span class='ocrx_word' id='word_1_123' title='bbox 1030 1447 1196 1522; x_wconf 77' lang='lat' dir='ltr'>diffamabat</span> <span class='ocrx_word' id='word_1_124' title='bbox 1218 1445 1305 1524; x_wconf 90' lang='lat' dir='ltr'>(Tac.</span> 
     </span>
     <span class='ocr_line' id='line_1_14' title="bbox 157 1528 1306 1607; baseline -0.002 -20"><span class='ocrx_word' id='word_1_125' title='bbox 157 1530 270 1588; x_wconf 86' lang='lat' dir='ltr'>Anni.</span> <span class='ocrx_word' id='word_1_126' title='bbox 287 1528 348 1607; x_wconf 64' lang='grc' dir='ltr'>τι),</span> <span class='ocrx_word' id='word_1_127' title='bbox 366 1538 394 1586; x_wconf 89' lang='lat' dir='ltr'>et</span> <span class='ocrx_word' id='word_1_128' title='bbox 415 1528 598 1604; x_wconf 83' lang='lat' dir='ltr'>eloquentiae</span> <span class='ocrx_word' id='word_1_129' title='bbox 620 1528 740 1586; x_wconf 90' lang='lat' dir='ltr'>nomine</span> <span class='ocrx_word' id='word_1_130' title='bbox 761 1545 865 1587; x_wconf 92' lang='lat' dir='ltr'>omnes</span> <span class='ocrx_word' id='word_1_131' title='bbox 884 1529 928 1586; x_wconf 94' lang='lat' dir='ltr'>sui</span> <span class='ocrx_word' id='word_1_132' title='bbox 949 1530 1089 1604; x_wconf 88' lang='lat' dir='ltr'>temporis</span> <span class='ocrx_word' id='word_1_133' title='bbox 1110 1529 1234 1587; x_wconf 91' lang='lat' dir='ltr'>disertos</span> <span class='ocrx_word' id='word_1_134' title='bbox 1255 1546 1306 1587; x_wconf 90' lang='lat' dir='ltr'>an·</span> 
     </span>
     <span class='ocr_line' id='line_1_15' title="bbox 158 1600 1357 1687; baseline 0.003 -18"><span class='ocrx_word' id='word_1_135' title='bbox 158 1611 310 1670; x_wconf 90' lang='lat' dir='ltr'>tecellebat</span> <span class='ocrx_word' id='word_1_136' title='bbox 330 1608 419 1687; x_wconf 80' lang='lat' dir='ltr'>(Dial.</span> <span class='ocrx_word' id='word_1_137' title='bbox 442 1609 478 1667; x_wconf 94' lang='lat' dir='ltr'>de</span> <span class='ocrx_word' id='word_1_138' title='bbox 501 1600 615 1668; x_wconf 69' lang='lat' dir='ltr'>Oritor.</span> <span class='ocrx_word' id='word_1_139' title='bbox 633 1628 679 1684; x_wconf 89' lang='lat'>19,</span> <span class='ocrx_word' id='word_1_140' title='bbox 701 1610 746 1682; x_wconf 86' lang='lat'>26,</span> <span class='ocrx_word' id='word_1_141' title='bbox 770 1608 979 1681; x_wconf 82' lang='lat' dir='ltr'>Quintilxr.</span> <span class='ocrx_word' id='word_1_142' title='bbox 999 1607 1068 1684; x_wconf 82' lang='lat'>116)</span> <span class='ocrx_word' id='word_1_143' title='bbox 1089 1610 1245 1685; x_wconf 89' lang='lat' dir='ltr'>praecipue</span> <span class='ocrx_word' id='word_1_144' title='bbox 1266 1610 1306 1667; x_wconf 93' lang='lat' dir='ltr'>ob</span> <span class='ocrx_word' id='word_1_145' title='bbox 1354 1665 1357 1672; x_wconf 86' lang='grc'>.</span> 
     </span>
     <span class='ocr_line' id='line_1_16' title="bbox 159 1687 1305 1769; baseline -0.003 -18"><span class='ocrx_word' id='word_1_146' title='bbox 159 1710 275 1751; x_wconf 91' lang='lat' dir='ltr'>amaros</span> <span class='ocrx_word' id='word_1_147' title='bbox 290 1692 365 1751; x_wconf 91' lang='lat' dir='ltr'>sales</span> <span class='ocrx_word' id='word_1_148' title='bbox 380 1690 485 1768; x_wconf 92' lang='lat' dir='ltr'>quibus</span> <span class='ocrx_word' id='word_1_149' title='bbox 500 1691 685 1766; x_wconf 90' lang='lat' dir='ltr'>asperitatem</span> <span class='ocrx_word' id='word_1_150' title='bbox 699 1691 805 1749; x_wconf 90' lang='lat' dir='ltr'>indolis</span> <span class='ocrx_word' id='word_1_151' title='bbox 815 1690 1003 1767; x_wconf 89' lang='lat' dir='ltr'>eloquebatur</span> <span class='ocrx_word' id='word_1_152' title='bbox 1014 1687 1147 1768; x_wconf 86' lang='lat' dir='ltr'>(Quintil.</span> <span class='ocrx_word' id='word_1_153' title='bbox 1156 1690 1191 1749; x_wconf 92' lang='lat' dir='ltr'>vi.</span> <span class='ocrx_word' id='word_1_154' title='bbox 1205 1709 1232 1765; x_wconf 86' lang='lat'>3.</span> <span class='ocrx_word' id='word_1_155' title='bbox 1245 1687 1305 1769; x_wconf 82' lang='lat'><strong>27),</strong></span> 
     </span>
     <span class='ocr_line' id='line_1_17' title="bbox 159 1771 1306 1848; baseline -0.003 -15"><span class='ocrx_word' id='word_1_156' title='bbox 159 1783 188 1833; x_wconf 95' lang='lat' dir='ltr'>et</span> <span class='ocrx_word' id='word_1_157' title='bbox 201 1774 359 1832; x_wconf 89' lang='lat' dir='ltr'>litterarum</span> <span class='ocrx_word' id='word_1_158' title='bbox 380 1772 526 1830; x_wconf 87' lang='lat' dir='ltr'>studiosus</span> <span class='ocrx_word' id='word_1_159' title='bbox 546 1771 607 1841; x_wconf 89' lang='lat' dir='ltr'>fuit,</span> <span class='ocrx_word' id='word_1_160' title='bbox 622 1772 652 1829; x_wconf 94' lang='lat' dir='ltr'>id</span> <span class='ocrx_word' id='word_1_161' title='bbox 671 1771 752 1847; x_wconf 86' lang='lat' dir='ltr'>quod</span> <span class='ocrx_word' id='word_1_162' title='bbox 769 1771 949 1830; x_wconf 89' lang='lat' dir='ltr'>demonstrat</span> <span class='ocrx_word' id='word_1_163' title='bbox 962 1772 1024 1829; x_wconf 91' lang='lat' dir='ltr'>eius</span> <span class='ocrx_word' id='word_1_164' title='bbox 1044 1771 1080 1830; x_wconf 94' lang='lat' dir='ltr'>de</span> <span class='ocrx_word' id='word_1_165' title='bbox 1093 1771 1217 1830; x_wconf 93' lang='lat' dir='ltr'>Publilio</span> <span class='ocrx_word' id='word_1_166' title='bbox 1233 1771 1306 1848; x_wconf 87' lang='lat' dir='ltr'>Syro</span> 
     </span>
     <span class='ocr_line' id='line_1_18' title="bbox 158 1849 1306 1932; baseline -0.002 -19"><span class='ocrx_word' id='word_1_167' title='bbox 158 1855 297 1913; x_wconf 91' lang='lat' dir='ltr'>iudicium</span> <span class='ocrx_word' id='word_1_168' title='bbox 314 1853 395 1932; x_wconf 84' lang='lat' dir='ltr'>(Sen.</span> <span class='ocrx_word' id='word_1_169' title='bbox 410 1852 497 1911; x_wconf 92' lang='lat' dir='ltr'>Cont.</span> <span class='ocrx_word' id='word_1_170' title='bbox 512 1853 558 1911; x_wconf 88' lang='lat' dir='ltr'>vii.</span> <span class='ocrx_word' id='word_1_171' title='bbox 577 1855 622 1911; x_wconf 92' lang='lat'>18.</span> <span class='ocrx_word' id='word_1_172' title='bbox 639 1849 672 1930; x_wconf 93' lang='lat'>8)</span> <span class='ocrx_word' id='word_1_173' title='bbox 689 1862 718 1911; x_wconf 91' lang='lat' dir='ltr'>et</span> <span class='ocrx_word' id='word_1_174' title='bbox 737 1852 888 1912; x_wconf 88' lang='lat' dir='ltr'>admiratio</span> <span class='ocrx_word' id='word_1_175' title='bbox 906 1870 965 1928; x_wconf 90' lang='lat' dir='ltr'>qua</span> <span class='ocrx_word' id='word_1_176' title='bbox 979 1852 1099 1911; x_wconf 89' lang='lat' dir='ltr'>Labieni</span> <span class='ocrx_word' id='word_1_177' title='bbox 1113 1852 1202 1911; x_wconf 91' lang='lat' dir='ltr'>libros</span> <span class='ocrx_word' id='word_1_178' title='bbox 1216 1852 1306 1911; x_wconf 91' lang='lat' dir='ltr'>edidi-</span> 
     </span>
     <span class='ocr_line' id='line_1_19' title="bbox 158 1933 1306 2010; baseline -0.003 -14"><span class='ocrx_word' id='word_1_179' title='bbox 158 1937 234 1996; x_wconf 90' lang='lat' dir='ltr'>cisse</span> <span class='ocrx_word' id='word_1_180' title='bbox 256 1954 288 1994; x_wconf 89' lang='lat' dir='ltr'>se</span> <span class='ocrx_word' id='word_1_181' title='bbox 308 1945 428 1994; x_wconf 90' lang='lat' dir='ltr'>testatur</span> <span class='ocrx_word' id='word_1_182' title='bbox 449 1952 496 2010; x_wconf 89' lang='lat' dir='ltr'>ap.</span> <span class='ocrx_word' id='word_1_183' title='bbox 517 1933 585 1992; x_wconf 91' lang='lat' dir='ltr'>Sen.</span> <span class='ocrx_word' id='word_1_184' title='bbox 606 1933 692 1993; x_wconf 92' lang='lat' dir='ltr'>Cont.</span> <span class='ocrx_word' id='word_1_185' title='bbox 710 1953 737 1992; x_wconf 93' lang='lat' dir='ltr'>x.</span> <span class='ocrx_word' id='word_1_186' title='bbox 758 1934 850 1992; x_wconf 88' lang='lat' dir='ltr'>Praef.</span> <span class='ocrx_word' id='word_1_187' title='bbox 867 1937 894 2005; x_wconf 89' lang='lat'>8,</span> <span class='ocrx_word' id='word_1_188' title='bbox 909 1944 937 1993; x_wconf 93' lang='lat' dir='ltr'>et</span> <span class='ocrx_word' id='word_1_189' title='bbox 958 1933 995 1992; x_wconf 95' lang='lat' dir='ltr'>de</span> <span class='ocrx_word' id='word_1_190' title='bbox 1008 1934 1146 2010; x_wconf 82' lang='lat' dir='ltr'>Aegypto</span> <span class='ocrx_word' id='word_1_191' title='bbox 1168 1934 1306 2010; x_wconf 90' lang='lat' dir='ltr'>scriptum</span> 
     </span>
     <span class='ocr_line' id='line_1_20' title="bbox 158 2012 1307 2094; baseline -0.003 -18"><span class='ocrx_word' id='word_1_192' title='bbox 158 2017 248 2076; x_wconf 91' lang='lat' dir='ltr'>edidit</span> <span class='ocrx_word' id='word_1_193' title='bbox 262 2014 347 2094; x_wconf 85' lang='lat' dir='ltr'>(Plin.</span> <span class='ocrx_word' id='word_1_194' title='bbox 362 2016 428 2074; x_wconf 92' lang='lat' dir='ltr'>Ind.</span> <span class='ocrx_word' id='word_1_195' title='bbox 443 2034 528 2087; x_wconf 86' lang='lat' dir='ltr'>xxxv,</span> <span class='ocrx_word' id='word_1_196' title='bbox 543 2014 632 2074; x_wconf 91' lang='lat' dir='ltr'>Prisc.</span> <span class='ocrx_word' id='word_1_197' title='bbox 647 2016 684 2073; x_wconf 91' lang='lat' dir='ltr'>ix.</span> <span class='ocrx_word' id='word_1_198' title='bbox 701 2012 752 2093; x_wconf 82' lang='lat'>53)</span> <span class='ocrx_word' id='word_1_199' title='bbox 773 2024 802 2074; x_wconf 93' lang='lat' dir='ltr'>et</span> <span class='ocrx_word' id='word_1_200' title='bbox 823 2033 882 2092; x_wconf 95' lang='lat' dir='ltr'>quo</span> <span class='ocrx_word' id='word_1_201' title='bbox 903 2032 983 2074; x_wconf 92' lang='lat' dir='ltr'>anno</span> <span class='ocrx_word' id='word_1_202' title='bbox 1002 2016 1032 2073; x_wconf 89' lang='lat' dir='ltr'>in</span> <span class='ocrx_word' id='word_1_203' title='bbox 1051 2015 1168 2074; x_wconf 89' lang='lat' dir='ltr'>exilium</span> <span class='ocrx_word' id='word_1_204' title='bbox 1183 2014 1307 2075; x_wconf 90' lang='lat' dir='ltr'>Ouidius</span> 
     </span>
     <span class='ocr_line' id='line_1_21' title="bbox 158 2095 1307 2175; baseline -0.001 -19"><span class='ocrx_word' id='word_1_205' title='bbox 158 2100 216 2169; x_wconf 80' lang='lat' dir='ltr'>luit</span> <span class='ocrx_word' id='word_1_206' title='bbox 232 2098 295 2175; x_wconf 89' lang='lat' dir='ltr'>ipse</span> <span class='ocrx_word' id='word_1_207' title='bbox 313 2097 437 2168; x_wconf 88' lang='lat' dir='ltr'>Romae,</span> <span class='ocrx_word' id='word_1_208' title='bbox 451 2106 483 2155; x_wconf 93' lang='lat' dir='ltr'>ut</span> <span class='ocrx_word' id='word_1_209' title='bbox 501 2096 623 2168; x_wconf 89' lang='lat' dir='ltr'>uidetur,</span> <span class='ocrx_word' id='word_1_210' title='bbox 638 2096 699 2168; x_wconf 85' lang='lat' dir='ltr'>suit,</span> <span class='ocrx_word' id='word_1_211' title='bbox 714 2098 842 2156; x_wconf 91' lang='lat' dir='ltr'>necdum</span> <span class='ocrx_word' id='word_1_212' title='bbox 856 2096 974 2155; x_wconf 89' lang='lat' dir='ltr'>Cretam</span> <span class='ocrx_word' id='word_1_213' title='bbox 994 2106 1109 2156; x_wconf 89' lang='lat' dir='ltr'>amotus</span> <span class='ocrx_word' id='word_1_214' title='bbox 1127 2107 1178 2156; x_wconf 91' lang='lat' dir='ltr'>est.</span> <span class='ocrx_word' id='word_1_215' title='bbox 1221 2095 1307 2169; x_wconf 87' lang='lat' dir='ltr'>Quae</span> 
     </span>
     <span class='ocr_line' id='line_1_22' title="bbox 159 2177 1308 2254; baseline -0.003 -16"><span class='ocrx_word' id='word_1_216' title='bbox 159 2182 237 2238; x_wconf 89' lang='lat' dir='ltr'>enim</span> <span class='ocrx_word' id='word_1_217' title='bbox 258 2178 344 2238; x_wconf 91' lang='lat' dir='ltr'>tradit</span> <span class='ocrx_word' id='word_1_218' title='bbox 365 2179 486 2237; x_wconf 90' lang='lat' dir='ltr'>Tacitus</span> <span class='ocrx_word' id='word_1_219' title='bbox 506 2177 620 2236; x_wconf 86' lang='lat' dir='ltr'>Anni.</span> <span class='ocrx_word' id='word_1_220' title='bbox 644 2191 691 2253; x_wconf 83' lang='lat'>72,</span> <span class='ocrx_word' id='word_1_221' title='bbox 713 2180 839 2254; x_wconf 90' lang='lat' dir='ltr'>primum</span> <span class='ocrx_word' id='word_1_222' title='bbox 859 2178 1028 2253; x_wconf 86' lang='lat' dir='ltr'>Augustum</span> <span class='ocrx_word' id='word_1_223' title='bbox 1049 2178 1249 2254; x_wconf 87' lang='lat' dir='ltr'>cognitionem</span> <span class='ocrx_word' id='word_1_224' title='bbox 1270 2178 1308 2236; x_wconf 91' lang='lat' dir='ltr'>de</span> 
     </span>
     <span class='ocr_line' id='line_1_23' title="bbox 159 2257 1307 2338; baseline -0.001 -20"><span class='ocrx_word' id='word_1_225' title='bbox 159 2262 280 2319; x_wconf 86' lang='lat' dir='ltr'>famosis</span> <span class='ocrx_word' id='word_1_226' title='bbox 298 2260 401 2318; x_wconf 90' lang='lat' dir='ltr'>libellis</span> <span class='ocrx_word' id='word_1_227' title='bbox 418 2259 515 2335; x_wconf 89' lang='lat' dir='ltr'>specie</span> <span class='ocrx_word' id='word_1_228' title='bbox 530 2258 603 2335; x_wconf 88' lang='lat' dir='ltr'>legis</span> <span class='ocrx_word' id='word_1_229' title='bbox 622 2259 684 2318; x_wconf 93' lang='lat' dir='ltr'>eius</span> <span class='ocrx_word' id='word_1_230' title='bbox 699 2257 749 2338; x_wconf 90' lang='lat' dir='ltr'>(de</span> <span class='ocrx_word' id='word_1_231' title='bbox 766 2257 929 2337; x_wconf 86' lang='lat' dir='ltr'>maiestate)</span> <span class='ocrx_word' id='word_1_232' title='bbox 942 2260 1109 2318; x_wconf 90' lang='lat' dir='ltr'>tractauisse</span> <span class='ocrx_word' id='word_1_233' title='bbox 1125 2269 1307 2319; x_wconf 89' lang='lat' dir='ltr'>commotum</span> 
     </span>
     <span class='ocr_line' id='line_1_24' title="bbox 161 2340 1307 2418; baseline -0.002 -18"><span class='ocrx_word' id='word_1_234' title='bbox 161 2341 254 2401; x_wconf 90' lang='lat' dir='ltr'>Cassii</span> <span class='ocrx_word' id='word_1_235' title='bbox 265 2341 363 2400; x_wconf 88' lang='lat' dir='ltr'>Seueri</span> <span class='ocrx_word' id='word_1_236' title='bbox 377 2340 495 2399; x_wconf 91' lang='lat' dir='ltr'>libidine</span> <span class='ocrx_word' id='word_1_237' title='bbox 510 2358 568 2418; x_wconf 90' lang='lat' dir='ltr'>qua</span> <span class='ocrx_word' id='word_1_238' title='bbox 582 2340 659 2398; x_wconf 88' lang='lat' dir='ltr'>uiros</span> <span class='ocrx_word' id='word_1_239' title='bbox 674 2340 854 2416; x_wconf 86' lang='lat' dir='ltr'>feminasque</span> <span class='ocrx_word' id='word_1_240' title='bbox 867 2340 999 2399; x_wconf 87' lang='lat' dir='ltr'>inlustres</span> <span class='ocrx_word' id='word_1_241' title='bbox 1010 2340 1182 2416; x_wconf 87' lang='lat' dir='ltr'>procacibus</span> <span class='ocrx_word' id='word_1_242' title='bbox 1194 2340 1307 2416; x_wconf 91' lang='lat' dir='ltr'>scriptis</span> 
     </span>
     <span class='ocr_line' id='line_1_25' title="bbox 160 2421 1306 2497; baseline -0.002 -17"><span class='ocrx_word' id='word_1_243' title='bbox 160 2422 349 2494; x_wconf 88' lang='lat' dir='ltr'>diffamasset,</span> <span class='ocrx_word' id='word_1_244' title='bbox 364 2423 439 2480; x_wconf 90' lang='lat' dir='ltr'>bene</span> <span class='ocrx_word' id='word_1_245' title='bbox 458 2432 667 2496; x_wconf 90' lang='lat' dir='ltr'>perspexerunt</span> <span class='ocrx_word' id='word_1_246' title='bbox 682 2421 862 2481; x_wconf 89' lang='lat' dir='ltr'>Weichertus</span> <span class='ocrx_word' id='word_1_247' title='bbox 881 2422 917 2480; x_wconf 92' lang='lat' dir='ltr'>de</span> <span class='ocrx_word' id='word_1_248' title='bbox 932 2421 1036 2480; x_wconf 90' lang='lat' dir='ltr'>Cassio</span> <span class='ocrx_word' id='word_1_249' title='bbox 1051 2421 1200 2480; x_wconf 89' lang='lat' dir='ltr'>Parmensi</span> <span class='ocrx_word' id='word_1_250' title='bbox 1213 2441 1242 2497; x_wconf 92' lang='lat' dir='ltr'>p.</span> <span class='ocrx_word' id='word_1_251' title='bbox 1261 2435 1306 2495; x_wconf 86' lang='lat'>15,</span> 
     </span>
     <span class='ocr_line' id='line_1_26' title="bbox 160 2501 1307 2580; baseline -0.002 -17"><span class='ocrx_word' id='word_1_252' title='bbox 160 2504 296 2580; x_wconf 88' lang='lat' dir='ltr'>Meyerus</span> <span class='ocrx_word' id='word_1_253' title='bbox 319 2501 433 2562; x_wconf 88' lang='lat' dir='ltr'>Orator.</span> <span class='ocrx_word' id='word_1_254' title='bbox 456 2502 582 2561; x_wconf 92' lang='lat' dir='ltr'>Roman.</span> <span class='ocrx_word' id='word_1_255' title='bbox 605 2502 723 2578; x_wconf 85' lang='lat' dir='ltr'>Fragm.</span> <span class='ocrx_word' id='word_1_256' title='bbox 737 2521 766 2579; x_wconf 92' lang='lat' dir='ltr'>p.</span> <span class='ocrx_word' id='word_1_257' title='bbox 783 2517 842 2579; x_wconf 85' lang='lat'>530</span> <span class='ocrx_word' id='word_1_258' title='bbox 863 2503 901 2562; x_wconf 90' lang='lat' dir='ltr'>ad</span> <span class='ocrx_word' id='word_1_259' title='bbox 922 2502 1000 2561; x_wconf 91' lang='lat' dir='ltr'>idem</span> <span class='ocrx_word' id='word_1_260' title='bbox 1020 2502 1171 2562; x_wconf 89' lang='lat' dir='ltr'>referenda</span> <span class='ocrx_word' id='word_1_261' title='bbox 1192 2513 1307 2578; x_wconf 91' lang='lat' dir='ltr'>tempus</span> 
     </span>
     <span class='ocr_line' id='line_1_27' title="bbox 160 2583 1308 2662; baseline -0.003 -18"><span class='ocrx_word' id='word_1_262' title='bbox 160 2604 226 2645; x_wconf 85' lang='lat' dir='ltr'>esse</span> <span class='ocrx_word' id='word_1_263' title='bbox 241 2605 275 2645; x_wconf 83' lang='lat' dir='ltr'>ac</span> <span class='ocrx_word' id='word_1_264' title='bbox 290 2585 395 2643; x_wconf 82' lang='lat' dir='ltr'>Dionis</span> <span class='ocrx_word' id='word_1_265' title='bbox 408 2586 455 2657; x_wconf 87' lang='lat'>56.</span> <span class='ocrx_word' id='word_1_266' title='bbox 470 2597 505 2659; x_wconf 81' lang='lat'>27</span> <span class='ocrx_word' id='word_1_267' title='bbox 519 2587 559 2640; x_wconf 77' lang='grc' dir='ltr'>καὶ</span> <span class='ocrx_word' id='word_1_268' title='bbox 572 2585 659 2656; x_wconf 85' lang='grc' dir='ltr'>μαθὼν</span> <span class='ocrx_word' id='word_1_269' title='bbox 667 2583 842 2662; x_wconf 75' lang='grc' dir='ltr'>(Αὔγουστος)</span> <span class='ocrx_word' id='word_1_270' title='bbox 853 2586 892 2642; x_wconf 83' lang='grc' dir='ltr'>ὅτι</span> <span class='ocrx_word' id='word_1_271' title='bbox 906 2587 998 2652; x_wconf 83' lang='grc' dir='ltr'>βιβλία</span> <span class='ocrx_word' id='word_1_272' title='bbox 1011 2585 1075 2640; x_wconf 78' lang='grc' dir='ltr'>ἅττα</span> <span class='ocrx_word' id='word_1_273' title='bbox 1088 2584 1131 2658; x_wconf 79' lang='grc' dir='ltr'>ἐφ’</span> <span class='ocrx_word' id='word_1_274' title='bbox 1146 2583 1220 2657; x_wconf 76' lang='grc' dir='ltr'>ὕβρει</span> <span class='ocrx_word' id='word_1_275' title='bbox 1233 2591 1308 2640; x_wconf 88' lang='grc' dir='ltr'>τινῶν</span> 
     </span>
     <span class='ocr_line' id='line_1_28' title="bbox 161 2665 1309 2741; baseline -0.001 -18"><span class='ocrx_word' id='word_1_276' title='bbox 161 2671 350 2741; x_wconf 81' lang='grc' dir='ltr'>συγγράφοιτο,</span> <span class='ocrx_word' id='word_1_277' title='bbox 363 2665 466 2736; x_wconf 73' lang='grc' dir='ltr'>ζήτησιν</span> <span class='ocrx_word' id='word_1_278' title='bbox 476 2668 559 2721; x_wconf 81' lang='grc' dir='ltr'>αὐτῶν</span> <span class='ocrx_word' id='word_1_279' title='bbox 569 2666 707 2736; x_wconf 72' lang='grc' dir='ltr'>ἐποιήσατο</span> <span class='ocrx_word' id='word_1_280' title='bbox 718 2668 758 2721; x_wconf 82' lang='grc' dir='ltr'>καὶ</span> <span class='ocrx_word' id='word_1_281' title='bbox 769 2667 849 2721; x_wconf 75' lang='grc' dir='ltr'>ἐκεῖνά</span> <span class='ocrx_word' id='word_1_282' title='bbox 859 2690 896 2732; x_wconf 83' lang='grc' dir='ltr'>τε,</span> <span class='ocrx_word' id='word_1_283' title='bbox 908 2669 940 2721; x_wconf 87' lang='grc' dir='ltr'>τὰ</span> <span class='ocrx_word' id='word_1_284' title='bbox 953 2668 1000 2736; x_wconf 77' lang='grc' dir='ltr'>μὲν</span> <span class='ocrx_word' id='word_1_285' title='bbox 1013 2667 1040 2722; x_wconf 76' lang='grc' dir='ltr'>ἕν</span> <span class='ocrx_word' id='word_1_286' title='bbox 1049 2691 1079 2738; x_wconf 82' lang='grc' dir='ltr'>τῃ</span> <span class='ocrx_word' id='word_1_287' title='bbox 1090 2671 1166 2722; x_wconf 81' lang='grc' dir='ltr'>πόλει</span> <span class='ocrx_word' id='word_1_288' title='bbox 1175 2666 1309 2739; x_wconf 78' lang='grc' dir='ltr'>εὑρεθέντα</span> 
     </span>
     <span class='ocr_line' id='line_1_29' title="bbox 160 2746 1307 2822; baseline -0.001 -16"><span class='ocrx_word' id='word_1_289' title='bbox 160 2753 224 2822; x_wconf 78' lang='grc' dir='ltr'>πρὸς</span> <span class='ocrx_word' id='word_1_290' title='bbox 237 2755 288 2805; x_wconf 82' lang='grc' dir='ltr'>τῶν</span> <span class='ocrx_word' id='word_1_291' title='bbox 301 2749 472 2822; x_wconf 81' lang='grc' dir='ltr'>ἀγορανόμων,</span> <span class='ocrx_word' id='word_1_292' title='bbox 487 2750 518 2802; x_wconf 86' lang='grc' dir='ltr'>τὰ</span> <span class='ocrx_word' id='word_1_293' title='bbox 532 2748 560 2802; x_wconf 77' lang='grc' dir='ltr'>δὲ</span> <span class='ocrx_word' id='word_1_294' title='bbox 574 2749 624 2818; x_wconf 80' lang='grc' dir='ltr'>ἔξω</span> <span class='ocrx_word' id='word_1_295' title='bbox 637 2749 701 2820; x_wconf 82' lang='grc' dir='ltr'>πρὸς</span> <span class='ocrx_word' id='word_1_296' title='bbox 715 2754 765 2802; x_wconf 82' lang='grc' dir='ltr'>τῶν</span> <span class='ocrx_word' id='word_1_297' title='bbox 779 2748 933 2820; x_wconf 80' lang='grc' dir='ltr'>ἑκασταχόθι</span> <span class='ocrx_word' id='word_1_298' title='bbox 946 2748 1076 2820; x_wconf 78' lang='grc' dir='ltr'>ἀρχόντων</span> <span class='ocrx_word' id='word_1_299' title='bbox 1086 2748 1236 2820; x_wconf 79' lang='grc' dir='ltr'>κατέφλεξε,</span> <span class='ocrx_word' id='word_1_300' title='bbox 1247 2746 1307 2805; x_wconf 87' lang='lat' dir='ltr'>h.e.</span> 
     </span>
     <span class='ocr_line' id='line_1_30' title="bbox 161 2827 1309 2906; baseline -0.003 -18"><span class='ocrx_word' id='word_1_301' title='bbox 161 2830 199 2888; x_wconf 93' lang='lat' dir='ltr'>ad</span> <span class='ocrx_word' id='word_1_302' title='bbox 218 2827 348 2906; x_wconf 69' lang='lat'>765112;</span> <span class='ocrx_word' id='word_1_303' title='bbox 375 2827 511 2886; x_wconf 90' lang='lat' dir='ltr'>Cassium</span> <span class='ocrx_word' id='word_1_304' title='bbox 528 2837 625 2886; x_wconf 88' lang='lat' dir='ltr'>autem</span> <span class='ocrx_word' id='word_1_305' title='bbox 640 2827 752 2886; x_wconf 92' lang='lat' dir='ltr'>Romae</span> <span class='ocrx_word' id='word_1_306' title='bbox 774 2827 861 2887; x_wconf 86' lang='lat' dir='ltr'>fuisse</span> <span class='ocrx_word' id='word_1_307' title='bbox 883 2845 950 2886; x_wconf 90' lang='lat' dir='ltr'>cum</span> <span class='ocrx_word' id='word_1_308' title='bbox 965 2828 1087 2886; x_wconf 91' lang='lat' dir='ltr'>Labieni</span> <span class='ocrx_word' id='word_1_309' title='bbox 1109 2829 1215 2904; x_wconf 89' lang='lat' dir='ltr'>scripta</span> <span class='ocrx_word' id='word_1_310' title='bbox 1237 2845 1309 2887; x_wconf 92' lang='lat' dir='ltr'>con·</span> 
     </span>
    </p>
   </div>
   <div class='ocr_carea' id='block_1_5' title="bbox 161 2908 1401 2986">
    <p class='ocr_par' dir='ltr' id='par_1_5' title="bbox 161 2908 1401 2986">
     <span class='ocr_line' id='line_1_31' title="bbox 161 2908 1401 2986; baseline 0.001 -18"><span class='ocrx_word' id='word_1_311' title='bbox 161 2913 331 2970; x_wconf 79' lang='lat' dir='ltr'>buterentur</span> <span class='ocrx_word' id='word_1_312' title='bbox 345 2910 416 2968; x_wconf 90' lang='lat' dir='ltr'>alius</span> <span class='ocrx_word' id='word_1_313' title='bbox 430 2909 510 2968; x_wconf 90' lang='lat' dir='ltr'>testis</span> <span class='ocrx_word' id='word_1_314' title='bbox 524 2919 567 2967; x_wconf 91' lang='lat' dir='ltr'>est</span> <span class='ocrx_word' id='word_1_315' title='bbox 583 2908 695 2967; x_wconf 89' lang='lat' dir='ltr'>Seneca</span> <span class='ocrx_word' id='word_1_316' title='bbox 709 2908 795 2968; x_wconf 92' lang='lat' dir='ltr'>Cont.</span> <span class='ocrx_word' id='word_1_317' title='bbox 810 2929 838 2967; x_wconf 87' lang='lat' dir='ltr'>x.</span> <span class='ocrx_word' id='word_1_318' title='bbox 853 2908 945 2967; x_wconf 88' lang='lat' dir='ltr'>Praei.</span> <span class='ocrx_word' id='word_1_319' title='bbox 963 2910 990 2968; x_wconf 88' lang='lat'>8.</span> <span class='ocrx_word' id='word_1_320' title='bbox 1033 2908 1091 2967; x_wconf 93' lang='lat' dir='ltr'>Sed</span> <span class='ocrx_word' id='word_1_321' title='bbox 1106 2919 1134 2968; x_wconf 92' lang='lat' dir='ltr'>et</span> <span class='ocrx_word' id='word_1_322' title='bbox 1147 2910 1309 2986; x_wconf 89' lang='lat' dir='ltr'>imperante</span> <span class='ocrx_word' id='word_1_323' title='bbox 1398 2964 1401 2969; x_wconf 91' lang='lat'>.</span> 
     </span>
    </p>
   </div>
   <div class='ocr_carea' id='block_1_6' title="bbox 160 2989 1339 4204">
    <p class='ocr_par' dir='ltr' id='par_1_6' title="bbox 160 2989 1308 3148">
     <span class='ocr_line' id='line_1_32' title="bbox 162 2989 1308 3066; baseline -0.002 -17"><span class='ocrx_word' id='word_1_324' title='bbox 162 2991 282 3050; x_wconf 92' lang='lat' dir='ltr'>Tiberio</span> <span class='ocrx_word' id='word_1_325' title='bbox 303 2993 334 3049; x_wconf 93' lang='lat' dir='ltr'>in</span> <span class='ocrx_word' id='word_1_326' title='bbox 359 2999 460 3050; x_wconf 88' lang='lat' dir='ltr'>senatu</span> <span class='ocrx_word' id='word_1_327' title='bbox 483 2989 608 3049; x_wconf 83' lang='lat' dir='ltr'>adfuisse</span> <span class='ocrx_word' id='word_1_328' title='bbox 631 2990 701 3049; x_wconf 90' lang='lat' dir='ltr'>dicit</span> <span class='ocrx_word' id='word_1_329' title='bbox 722 2989 890 3049; x_wconf 88' lang='lat' dir='ltr'>Plutarchus</span> <span class='ocrx_word' id='word_1_330' title='bbox 913 3008 959 3066; x_wconf 90' lang='lat' dir='ltr'>ap.</span> <span class='ocrx_word' id='word_1_331' title='bbox 982 2989 1135 3049; x_wconf 89' lang='lat' dir='ltr'>Weichert.</span> <span class='ocrx_word' id='word_1_332' title='bbox 1157 3009 1187 3066; x_wconf 90' lang='lat' dir='ltr'>p.</span> <span class='ocrx_word' id='word_1_333' title='bbox 1208 2991 1253 3061; x_wconf 76' lang='grc' dir='ltr'>τό,</span> <span class='ocrx_word' id='word_1_334' title='bbox 1272 2989 1308 3048; x_wconf 84' lang='lat' dir='ltr'>ci.</span> 
     </span>
     <span class='ocr_line' id='line_1_33' title="bbox 160 3070 499 3148; baseline -0.003 -19"><span class='ocrx_word' id='word_1_335' title='bbox 160 3072 314 3131; x_wconf 91' lang='lat' dir='ltr'>Drumann</span> <span class='ocrx_word' id='word_1_336' title='bbox 327 3073 354 3130; x_wconf 92' lang='lat' dir='ltr'>ii.</span> <span class='ocrx_word' id='word_1_337' title='bbox 370 3091 397 3148; x_wconf 91' lang='lat' dir='ltr'>p.</span> <span class='ocrx_word' id='word_1_338' title='bbox 417 3070 499 3129; x_wconf 78' lang='lat' dir='ltr'>roa*</span> 
     </span>
    </p>

    <p class='ocr_par' dir='ltr' id='par_1_7' title="bbox 162 3150 1339 4204">
     <span class='ocr_line' id='line_1_34' title="bbox 202 3150 1309 3229; baseline 0 -19"><span class='ocrx_word' id='word_1_339' title='bbox 202 3153 257 3212; x_wconf 92' lang='lat' dir='ltr'>Per</span> <span class='ocrx_word' id='word_1_340' title='bbox 272 3153 337 3212; x_wconf 91' lang='lat' dir='ltr'>Ibin</span> <span class='ocrx_word' id='word_1_341' title='bbox 357 3161 456 3212; x_wconf 90' lang='lat' dir='ltr'>tamen</span> <span class='ocrx_word' id='word_1_342' title='bbox 472 3171 534 3211; x_wconf 92' lang='lat' dir='ltr'>non</span> <span class='ocrx_word' id='word_1_343' title='bbox 553 3152 631 3211; x_wconf 92' lang='lat' dir='ltr'>hunc</span> <span class='ocrx_word' id='word_1_344' title='bbox 650 3152 795 3228; x_wconf 86' lang='lat' dir='ltr'>designari</span> <span class='ocrx_word' id='word_1_345' title='bbox 815 3152 924 3210; x_wconf 89' lang='lat' dir='ltr'>idcirco</span> <span class='ocrx_word' id='word_1_346' title='bbox 945 3150 1115 3210; x_wconf 87' lang='lat' dir='ltr'>crediderim</span> <span class='ocrx_word' id='word_1_347' title='bbox 1136 3151 1217 3229; x_wconf 95' lang='lat' dir='ltr'>quod</span> <span class='ocrx_word' id='word_1_348' title='bbox 1231 3150 1309 3210; x_wconf 89' lang='lat' dir='ltr'>nulla</span> 
     </span>
     <span class='ocr_line' id='line_1_35' title="bbox 162 3231 1310 3309; baseline -0.002 -16"><span class='ocrx_word' id='word_1_349' title='bbox 162 3235 305 3294; x_wconf 89' lang='lat' dir='ltr'>eiusmodi</span> <span class='ocrx_word' id='word_1_350' title='bbox 319 3244 397 3293; x_wconf 86' lang='lat' dir='ltr'>extet</span> <span class='ocrx_word' id='word_1_351' title='bbox 410 3234 557 3292; x_wconf 89' lang='lat' dir='ltr'>memoria.</span> <span class='ocrx_word' id='word_1_352' title='bbox 593 3232 711 3292; x_wconf 90' lang='lat' dir='ltr'>Cassius</span> <span class='ocrx_word' id='word_1_353' title='bbox 726 3234 803 3292; x_wconf 89' lang='lat' dir='ltr'>enim</span> <span class='ocrx_word' id='word_1_354' title='bbox 817 3235 985 3292; x_wconf 89' lang='lat' dir='ltr'>notissimus</span> <span class='ocrx_word' id='word_1_355' title='bbox 999 3231 1060 3303; x_wconf 83' lang='lat' dir='ltr'>fuit,</span> <span class='ocrx_word' id='word_1_356' title='bbox 1075 3242 1107 3290; x_wconf 94' lang='lat' dir='ltr'>ut</span> <span class='ocrx_word' id='word_1_357' title='bbox 1120 3233 1170 3291; x_wconf 92' lang='lat' dir='ltr'>uix</span> <span class='ocrx_word' id='word_1_358' title='bbox 1184 3232 1310 3309; x_wconf 90' lang='lat' dir='ltr'>potuerit</span> 
     </span>
     <span class='ocr_line' id='line_1_36' title="bbox 163 3313 1309 3391; baseline -0.002 -17"><span class='ocrx_word' id='word_1_359' title='bbox 163 3317 259 3388; x_wconf 90' lang='lat' dir='ltr'>latere,</span> <span class='ocrx_word' id='word_1_360' title='bbox 274 3317 298 3374; x_wconf 91' lang='lat' dir='ltr'>si</span> <span class='ocrx_word' id='word_1_361' title='bbox 317 3317 390 3375; x_wconf 91' lang='lat' dir='ltr'>inter</span> <span class='ocrx_word' id='word_1_362' title='bbox 410 3316 489 3373; x_wconf 90' lang='lat' dir='ltr'>uiros</span> <span class='ocrx_word' id='word_1_363' title='bbox 510 3332 585 3391; x_wconf 92' lang='lat' dir='ltr'>quos</span> <span class='ocrx_word' id='word_1_364' title='bbox 606 3315 775 3387; x_wconf 76' lang='lat' dir='ltr'>diffamaret,</span> <span class='ocrx_word' id='word_1_365' title='bbox 791 3314 930 3375; x_wconf 88' lang='lat' dir='ltr'>Ouidium</span> <span class='ocrx_word' id='word_1_366' title='bbox 950 3332 1068 3390; x_wconf 91' lang='lat' dir='ltr'>quoque</span> <span class='ocrx_word' id='word_1_367' title='bbox 1088 3313 1201 3390; x_wconf 93' lang='lat' dir='ltr'>insequi</span> <span class='ocrx_word' id='word_1_368' title='bbox 1221 3331 1309 3372; x_wconf 86' lang='lat' dir='ltr'>ausus</span> 
     </span>
     <span class='ocr_line' id='line_1_37' title="bbox 163 3395 1309 3473; baseline -0.001 -18"><span class='ocrx_word' id='word_1_369' title='bbox 163 3407 247 3456; x_wconf 89' lang='lat' dir='ltr'>esset.</span> <span class='ocrx_word' id='word_1_370' title='bbox 290 3397 369 3470; x_wconf 92' lang='lat' dir='ltr'>Quid</span> <span class='ocrx_word' id='word_1_371' title='bbox 384 3397 463 3473; x_wconf 93' lang='lat' dir='ltr'>quod</span> <span class='ocrx_word' id='word_1_372' title='bbox 482 3397 540 3454; x_wconf 92' lang='lat' dir='ltr'>iam</span> <span class='ocrx_word' id='word_1_373' title='bbox 562 3396 659 3455; x_wconf 90' lang='lat' dir='ltr'>multis</span> <span class='ocrx_word' id='word_1_374' title='bbox 673 3407 740 3456; x_wconf 92' lang='lat' dir='ltr'>ante</span> <span class='ocrx_word' id='word_1_375' title='bbox 754 3396 838 3454; x_wconf 90' lang='lat' dir='ltr'>annis</span> <span class='ocrx_word' id='word_1_376' title='bbox 854 3395 1010 3455; x_wconf 91' lang='lat' dir='ltr'>Horatium</span> <span class='ocrx_word' id='word_1_377' title='bbox 1025 3395 1127 3454; x_wconf 91' lang='lat' dir='ltr'>dicitur</span> <span class='ocrx_word' id='word_1_378' title='bbox 1139 3396 1309 3454; x_wconf 88' lang='lat' dir='ltr'>insecutus?</span> 
     </span>
     <span class='ocr_line' id='line_1_38' title="bbox 163 3475 1314 3553; baseline -0.001 -17"><span class='ocrx_word' id='word_1_379' title='bbox 163 3477 241 3536; x_wconf 91' lang='lat' dir='ltr'>Nam</span> <span class='ocrx_word' id='word_1_380' title='bbox 256 3479 280 3537; x_wconf 91' lang='lat' dir='ltr'>si</span> <span class='ocrx_word' id='word_1_381' title='bbox 299 3478 460 3537; x_wconf 89' lang='lat' dir='ltr'>scholiastis</span> <span class='ocrx_word' id='word_1_382' title='bbox 480 3477 633 3549; x_wconf 88' lang='lat' dir='ltr'>credimus,</span> <span class='ocrx_word' id='word_1_383' title='bbox 647 3478 677 3535; x_wconf 91' lang='lat' dir='ltr'>in</span> <span class='ocrx_word' id='word_1_384' title='bbox 692 3477 827 3537; x_wconf 91' lang='lat' dir='ltr'>Cassium</span> <span class='ocrx_word' id='word_1_385' title='bbox 843 3476 985 3536; x_wconf 90' lang='lat' dir='ltr'>Seuerum</span> <span class='ocrx_word' id='word_1_386' title='bbox 999 3475 1122 3553; x_wconf 89' lang='lat' dir='ltr'>Epodos</span> <span class='ocrx_word' id='word_1_387' title='bbox 1136 3486 1219 3536; x_wconf 91' lang='lat' dir='ltr'>sexta</span> <span class='ocrx_word' id='word_1_388' title='bbox 1236 3475 1314 3546; x_wconf 85' lang='lat' dir='ltr'>Quid</span> 
     </span>
     <span class='ocr_line' id='line_1_39' title="bbox 164 3557 1309 3635; baseline -0.003 -17"><span class='ocrx_word' id='word_1_389' title='bbox 164 3561 329 3618; x_wconf 75' lang='lat' dir='ltr'>immerentis</span> <span class='ocrx_word' id='word_1_390' title='bbox 341 3560 455 3635; x_wconf 78' lang='lat' dir='ltr'>hospites</span> <span class='ocrx_word' id='word_1_391' title='bbox 470 3577 560 3616; x_wconf 80' lang='lat' dir='ltr'>uenas</span> <span class='ocrx_word' id='word_1_392' title='bbox 574 3560 678 3617; x_wconf 71' lang='lat' dir='ltr'>canti?</span> <span class='ocrx_word' id='word_1_393' title='bbox 699 3560 864 3635; x_wconf 89' lang='lat' dir='ltr'>composita</span> <span class='ocrx_word' id='word_1_394' title='bbox 882 3568 934 3618; x_wconf 92' lang='lat' dir='ltr'>est.</span> <span class='ocrx_word' id='word_1_395' title='bbox 964 3557 1044 3631; x_wconf 90' lang='lat' dir='ltr'>Quid</span> <span class='ocrx_word' id='word_1_396' title='bbox 1058 3558 1138 3634; x_wconf 93' lang='lat' dir='ltr'>quod</span> <span class='ocrx_word' id='word_1_397' title='bbox 1149 3558 1309 3634; x_wconf 86' lang='lat' dir='ltr'>Longulae‚</span> 
     </span>
     <span class='ocr_line' id='line_1_40' title="bbox 164 3639 1311 3717; baseline 0 -19"><span class='ocrx_word' id='word_1_398' title='bbox 164 3642 194 3698; x_wconf 93' lang='lat' dir='ltr'>in</span> <span class='ocrx_word' id='word_1_399' title='bbox 218 3642 329 3717; x_wconf 93' lang='lat' dir='ltr'>oppido</span> <span class='ocrx_word' id='word_1_400' title='bbox 351 3640 425 3698; x_wconf 90' lang='lat' dir='ltr'>Latii</span> <span class='ocrx_word' id='word_1_401' title='bbox 450 3659 467 3698; x_wconf 91' lang='lat' dir='ltr'>a</span> <span class='ocrx_word' id='word_1_402' title='bbox 489 3640 633 3715; x_wconf 89' lang='lat' dir='ltr'>plerisque</span> <span class='ocrx_word' id='word_1_403' title='bbox 658 3651 739 3700; x_wconf 93' lang='lat' dir='ltr'>ortus</span> <span class='ocrx_word' id='word_1_404' title='bbox 763 3641 888 3699; x_wconf 91' lang='lat' dir='ltr'>creditur</span> <span class='ocrx_word' id='word_1_405' title='bbox 912 3659 949 3699; x_wconf 88' lang='lat' dir='ltr'>ex</span> <span class='ocrx_word' id='word_1_406' title='bbox 970 3640 1071 3699; x_wconf 90' lang='lat' dir='ltr'>Indice</span> <span class='ocrx_word' id='word_1_407' title='bbox 1092 3640 1224 3699; x_wconf 89' lang='lat' dir='ltr'>Pliniano</span> <span class='ocrx_word' id='word_1_408' title='bbox 1246 3639 1311 3698; x_wconf 87' lang='lat' dir='ltr'>libri</span> 
     </span>
     <span class='ocr_line' id='line_1_41' title="bbox 166 3720 1311 3798; baseline -0.001 -19"><span class='ocrx_word' id='word_1_409' title='bbox 166 3722 205 3781; x_wconf 90' lang='lat' dir='ltr'>H.</span> <span class='ocrx_word' id='word_1_410' title='bbox 216 3721 254 3780; x_wconf 94' lang='lat' dir='ltr'>N.</span> <span class='ocrx_word' id='word_1_411' title='bbox 263 3723 361 3780; x_wconf 84' lang='lat' dir='ltr'>xxxv?</span> <span class='ocrx_word' id='word_1_412' title='bbox 384 3721 431 3780; x_wconf 87' lang='lat' dir='ltr'>Sic</span> <span class='ocrx_word' id='word_1_413' title='bbox 442 3722 521 3780; x_wconf 93' lang='lat' dir='ltr'>enim</span> <span class='ocrx_word' id='word_1_414' title='bbox 536 3722 559 3780; x_wconf 95' lang='lat' dir='ltr'>is</span> <span class='ocrx_word' id='word_1_415' title='bbox 570 3721 651 3780; x_wconf 89' lang='lat' dir='ltr'>locus</span> <span class='ocrx_word' id='word_1_416' title='bbox 662 3722 814 3784; x_wconf 87' lang='lat' dir='ltr'>distinctus</span> <span class='ocrx_word' id='word_1_417' title='bbox 825 3722 927 3798; x_wconf 86' lang='lat' dir='ltr'>legitur</span> <span class='ocrx_word' id='word_1_418' title='bbox 936 3723 967 3779; x_wconf 93' lang='lat' dir='ltr'>in</span> <span class='ocrx_word' id='word_1_419' title='bbox 978 3721 1153 3781; x_wconf 91' lang='lat' dir='ltr'>editionibus</span> <span class='ocrx_word' id='word_1_420' title='bbox 1164 3720 1311 3779; x_wconf 91' lang='lat' dir='ltr'>Harduini</span> 
     </span>
     <span class='ocr_line' id='line_1_42' title="bbox 165 3801 1311 3878; baseline -0.003 -17"><span class='ocrx_word' id='word_1_421' title='bbox 165 3813 194 3862; x_wconf 92' lang='lat' dir='ltr'>et</span> <span class='ocrx_word' id='word_1_422' title='bbox 209 3802 308 3878; x_wconf 87' lang='lat' dir='ltr'>Silligii</span> <span class='ocrx_word' id='word_1_423' title='bbox 319 3803 375 3861; x_wconf 85' lang='lat' dir='ltr'>Ex</span> <span class='ocrx_word' id='word_1_424' title='bbox 388 3802 563 3861; x_wconf 82' lang='lat' dir='ltr'>auctoribus.</span> <span class='ocrx_word' id='word_1_425' title='bbox 576 3847 582 3861; x_wconf 95' lang='lat'>.</span> <span class='ocrx_word' id='word_1_426' title='bbox 595 3846 602 3860; x_wconf 93' lang='lat'>.</span> <span class='ocrx_word' id='word_1_427' title='bbox 613 3801 739 3875; x_wconf 71' lang='lat' dir='ltr'>Melum,</span> <span class='ocrx_word' id='word_1_428' title='bbox 759 3803 896 3874; x_wconf 77' lang='lat' dir='ltr'>Vitcuuio,</span> <span class='ocrx_word' id='word_1_429' title='bbox 911 3802 1010 3863; x_wconf 74' lang='lat' dir='ltr'>Cassae</span> <span class='ocrx_word' id='word_1_430' title='bbox 1024 3802 1126 3862; x_wconf 84' lang='lat' dir='ltr'>Seuero</span> <span class='ocrx_word' id='word_1_431' title='bbox 1135 3802 1311 3878; x_wconf 80' lang='lat' dir='ltr'>Longulano,</span> 
     </span>
     <span class='ocr_line' id='line_1_43' title="bbox 166 3884 1311 3960; baseline 0 -19"><span class='ocrx_word' id='word_1_432' title='bbox 166 3884 258 3943; x_wconf 75' lang='lat' dir='ltr'>Fabri)</span> <span class='ocrx_word' id='word_1_433' title='bbox 279 3885 382 3943; x_wconf 71' lang='lat' dir='ltr'>llestalc</span> <span class='ocrx_word' id='word_1_434' title='bbox 402 3886 453 3959; x_wconf 82' lang='lat' dir='ltr'>qui</span> <span class='ocrx_word' id='word_1_435' title='bbox 471 3885 501 3940; x_wconf 89' lang='lat' dir='ltr'>de</span> <span class='ocrx_word' id='word_1_436' title='bbox 514 3886 630 3959; x_wconf 82' lang='lat' dir='ltr'>picture</span> <span class='ocrx_word' id='word_1_437' title='bbox 650 3886 770 3960; x_wconf 56' lang='lat' dir='ltr'>serpsit</span> <span class='ocrx_word' id='word_1_438' title='bbox 814 3884 891 3942; x_wconf 90' lang='lat' dir='ltr'>Sane</span> <span class='ocrx_word' id='word_1_439' title='bbox 911 3894 1025 3959; x_wconf 91' lang='lat' dir='ltr'>poterat</span> <span class='ocrx_word' id='word_1_440' title='bbox 1046 3884 1254 3960; x_wconf 86' lang='lat' dir='ltr'>Longulanum</span> <span class='ocrx_word' id='word_1_441' title='bbox 1274 3901 1311 3941; x_wconf 93' lang='lat' dir='ltr'>eo</span> 
     </span>
     <span class='ocr_line' id='line_1_44' title="bbox 166 3963 1312 4043; baseline -0.001 -19"><span class='ocrx_word' id='word_1_442' title='bbox 166 3966 288 4025; x_wconf 92' lang='lat' dir='ltr'>consilio</span> <span class='ocrx_word' id='word_1_443' title='bbox 303 3966 412 4024; x_wconf 90' lang='lat' dir='ltr'>Plinius</span> <span class='ocrx_word' id='word_1_444' title='bbox 433 3965 540 4023; x_wconf 89' lang='lat' dir='ltr'>addere</span> <span class='ocrx_word' id='word_1_445' title='bbox 561 3974 592 4021; x_wconf 92' lang='lat' dir='ltr'>ut</span> <span class='ocrx_word' id='word_1_446' title='bbox 613 3983 630 4022; x_wconf 91' lang='lat' dir='ltr'>a</span> <span class='ocrx_word' id='word_1_447' title='bbox 651 3965 754 4024; x_wconf 92' lang='lat' dir='ltr'>Cassio</span> <span class='ocrx_word' id='word_1_448' title='bbox 775 3965 934 4024; x_wconf 91' lang='lat' dir='ltr'>Parmense</span> <span class='ocrx_word' id='word_1_449' title='bbox 955 3964 1033 4043; x_wconf 87' lang='lat' dir='ltr'>(lnd.</span> <span class='ocrx_word' id='word_1_450' title='bbox 1054 3963 1136 4043; x_wconf 86' lang='lat' dir='ltr'>xxxi)</span> <span class='ocrx_word' id='word_1_451' title='bbox 1157 3974 1186 4024; x_wconf 94' lang='lat' dir='ltr'>et</span> <span class='ocrx_word' id='word_1_452' title='bbox 1208 3964 1312 4023; x_wconf 88' lang='lat' dir='ltr'>Cassio</span> 
     </span>
     <span class='ocr_line' id='line_1_45' title="bbox 167 4042 1339 4126; baseline 0 -22"><span class='ocrx_word' id='word_1_453' title='bbox 167 4047 297 4106; x_wconf 88' lang='lat' dir='ltr'>Hemina</span> <span class='ocrx_word' id='word_1_454' title='bbox 321 4047 399 4126; x_wconf 90' lang='lat' dir='ltr'>(lnd.</span> <span class='ocrx_word' id='word_1_455' title='bbox 428 4044 520 4125; x_wconf 77' lang='lat' dir='ltr'>xxxii)</span> <span class='ocrx_word' id='word_1_456' title='bbox 548 4046 732 4106; x_wconf 89' lang='lat' dir='ltr'>discerneret.</span> <span class='ocrx_word' id='word_1_457' title='bbox 775 4045 833 4106; x_wconf 91' lang='lat' dir='ltr'>Sed</span> <span class='ocrx_word' id='word_1_458' title='bbox 864 4065 932 4105; x_wconf 89' lang='lat' dir='ltr'>uere</span> <span class='ocrx_word' id='word_1_459' title='bbox 959 4046 1073 4106; x_wconf 88' lang='lat' dir='ltr'>uidetur</span> <span class='ocrx_word' id='word_1_460' title='bbox 1093 4043 1237 4122; x_wconf 78' lang='lat' dir='ltr'>Berglrius</span> <span class='ocrx_word' id='word_1_461' title='bbox 1264 4042 1339 4120; x_wconf 67' lang='grc' dir='ltr'>αρ’</span> 
     </span>
     <span class='ocr_line' id='line_1_46' title="bbox 166 4127 1313 4204; baseline -0.002 -17"><span class='ocrx_word' id='word_1_462' title='bbox 166 4128 316 4188; x_wconf 87' lang='lat' dir='ltr'>Ritschelii</span> <span class='ocrx_word' id='word_1_463' title='bbox 329 4128 445 4204; x_wconf 88' lang='lat' dir='ltr'>Parerg.</span> <span class='ocrx_word' id='word_1_464' title='bbox 459 4127 580 4186; x_wconf 91' lang='lat' dir='ltr'>Plautin.</span> <span class='ocrx_word' id='word_1_465' title='bbox 596 4128 613 4186; x_wconf 94' lang='lat' dir='ltr'>i.</span> <span class='ocrx_word' id='word_1_466' title='bbox 629 4145 657 4203; x_wconf 93' lang='lat' dir='ltr'>p.</span> <span class='ocrx_word' id='word_1_467' title='bbox 674 4145 713 4200; x_wconf 88' lang='lat'>40</span> <span class='ocrx_word' id='word_1_468' title='bbox 727 4129 899 4188; x_wconf 89' lang='lat' dir='ltr'>obseruasse</span> <span class='ocrx_word' id='word_1_469' title='bbox 914 4128 1038 4186; x_wconf 91' lang='lat' dir='ltr'>Plinium</span> <span class='ocrx_word' id='word_1_470' title='bbox 1055 4128 1086 4186; x_wconf 92' lang='lat' dir='ltr'>in</span> <span class='ocrx_word' id='word_1_471' title='bbox 1106 4127 1151 4186; x_wconf 92' lang='lat' dir='ltr'>his</span> <span class='ocrx_word' id='word_1_472' title='bbox 1169 4127 1313 4186; x_wconf 91' lang='lat' dir='ltr'>indicibus</span> 
     </span>
    </p>
   </div>
   <div class='ocr_carea' id='block_1_7' title="bbox 166 4264 1314 4528">
    <p class='ocr_par' dir='ltr' id='par_1_8' title="bbox 166 4264 1314 4528">
     <span class='ocr_line' id='line_1_47' title="bbox 200 4264 1314 4332; baseline -0.001 -18"><span class='ocrx_word' id='word_1_473' title='bbox 200 4270 214 4303; x_wconf 81' lang='lat'>*</span> <span class='ocrx_word' id='word_1_474' title='bbox 231 4269 400 4330; x_wconf 86' lang='lat' dir='ltr'>Hieronymum</span> <span class='ocrx_word' id='word_1_475' title='bbox 412 4284 458 4316; x_wconf 91' lang='lat' dir='ltr'>non</span> <span class='ocrx_word' id='word_1_476' title='bbox 470 4267 537 4315; x_wconf 86' lang='lat' dir='ltr'>multi</span> <span class='ocrx_word' id='word_1_477' title='bbox 549 4268 618 4324; x_wconf 84' lang='lat' dir='ltr'>facio,</span> <span class='ocrx_word' id='word_1_478' title='bbox 630 4269 668 4330; x_wconf 90' lang='lat' dir='ltr'>qui</span> <span class='ocrx_word' id='word_1_479' title='bbox 680 4270 709 4316; x_wconf 83' lang='lat' dir='ltr'>ad</span> <span class='ocrx_word' id='word_1_480' title='bbox 720 4272 750 4316; x_wconf 90' lang='lat' dir='ltr'>A.</span> <span class='ocrx_word' id='word_1_481' title='bbox 762 4269 817 4318; x_wconf 86' lang='lat' dir='ltr'>Abr.</span> <span class='ocrx_word' id='word_1_482' title='bbox 831 4268 902 4331; x_wconf 80' lang='lat'>2048,</span> <span class='ocrx_word' id='word_1_483' title='bbox 914 4269 952 4316; x_wconf 93' lang='lat' dir='ltr'>Ol.</span> <span class='ocrx_word' id='word_1_484' title='bbox 965 4281 1019 4318; x_wconf 67' lang='grc' dir='ltr'>τοι.</span> <span class='ocrx_word' id='word_1_485' title='bbox 1032 4267 1117 4332; x_wconf 82' lang='lat' dir='ltr'>4haec</span> <span class='ocrx_word' id='word_1_486' title='bbox 1128 4267 1206 4327; x_wconf 79' lang='lat' dir='ltr'>habet,</span> <span class='ocrx_word' id='word_1_487' title='bbox 1219 4264 1314 4314; x_wconf 80' lang='lat' dir='ltr'>Cassius</span> 
     </span>
     <span class='ocr_line' id='line_1_48' title="bbox 166 4332 1314 4399; baseline -0.003 -19"><span class='ocrx_word' id='word_1_488' title='bbox 166 4335 266 4380; x_wconf 82' lang='lat' dir='ltr'>Seuerus</span> <span class='ocrx_word' id='word_1_489' title='bbox 276 4345 357 4382; x_wconf 85' lang='lat' dir='ltr'>orator</span> <span class='ocrx_word' id='word_1_490' title='bbox 366 4335 476 4399; x_wconf 86' lang='lat' dir='ltr'>egregius</span> <span class='ocrx_word' id='word_1_491' title='bbox 487 4335 527 4397; x_wconf 84' lang='lat' dir='ltr'>qui</span> <span class='ocrx_word' id='word_1_492' title='bbox 540 4334 691 4399; x_wconf 74' lang='lat' dir='ltr'>Quintianum</span> <span class='ocrx_word' id='word_1_493' title='bbox 702 4335 763 4383; x_wconf 84' lang='lat' dir='ltr'>illud</span> <span class='ocrx_word' id='word_1_494' title='bbox 775 4335 924 4396; x_wconf 83' lang='lat' dir='ltr'>prouerbium</span> <span class='ocrx_word' id='word_1_495' title='bbox 935 4335 1023 4383; x_wconf 85' lang='lat' dir='ltr'>luserat</span> <span class='ocrx_word' id='word_1_496' title='bbox 1035 4349 1082 4381; x_wconf 85' lang='lat' dir='ltr'>xxv</span> <span class='ocrx_word' id='word_1_497' title='bbox 1094 4333 1159 4381; x_wconf 78' lang='lat' dir='ltr'>cecilii</span> <span class='ocrx_word' id='word_1_498' title='bbox 1169 4334 1205 4380; x_wconf 82' lang='lat' dir='ltr'>sui</span> <span class='ocrx_word' id='word_1_499' title='bbox 1216 4347 1277 4378; x_wconf 88' lang='lat' dir='ltr'>anno</span> <span class='ocrx_word' id='word_1_500' title='bbox 1288 4332 1314 4378; x_wconf 84' lang='lat' dir='ltr'>in</span> 
     </span>
     <span class='ocr_line' id='line_1_49' title="bbox 166 4398 1312 4460; baseline -0.002 -15"><span class='ocrx_word' id='word_1_501' title='bbox 166 4414 256 4446; x_wconf 87' lang='lat' dir='ltr'>summa</span> <span class='ocrx_word' id='word_1_502' title='bbox 273 4401 351 4460; x_wconf 82' lang='lat' dir='ltr'>inopia</span> <span class='ocrx_word' id='word_1_503' title='bbox 368 4400 469 4447; x_wconf 85' lang='lat' dir='ltr'>moritur</span> <span class='ocrx_word' id='word_1_504' title='bbox 485 4399 526 4447; x_wconf 80' lang='lat' dir='ltr'>uin</span> <span class='ocrx_word' id='word_1_505' title='bbox 538 4408 618 4460; x_wconf 79' lang='lat' dir='ltr'>panno</span> <span class='ocrx_word' id='word_1_506' title='bbox 634 4401 735 4447; x_wconf 81' lang='lat' dir='ltr'>uermdo</span> <span class='ocrx_word' id='word_1_507' title='bbox 751 4406 871 4447; x_wconf 83' lang='lat' dir='ltr'>contectus.</span> <span class='ocrx_word' id='word_1_508' title='bbox 906 4400 968 4447; x_wconf 83' lang='lat' dir='ltr'>Nam</span> <span class='ocrx_word' id='word_1_509' title='bbox 979 4401 997 4447; x_wconf 84' lang='lat' dir='ltr'>si</span> <span class='ocrx_word' id='word_1_510' title='bbox 1008 4400 1054 4447; x_wconf 89' lang='lat' dir='ltr'>hoc</span> <span class='ocrx_word' id='word_1_511' title='bbox 1065 4413 1126 4446; x_wconf 85' lang='lat' dir='ltr'>anno</span> <span class='ocrx_word' id='word_1_512' title='bbox 1137 4398 1161 4447; x_wconf 87' lang='lat' dir='ltr'>lr.</span> <span class='ocrx_word' id='word_1_513' title='bbox 1169 4413 1190 4448; x_wconf 91' lang='lat' dir='ltr'>e.</span> <span class='ocrx_word' id='word_1_514' title='bbox 1202 4400 1231 4447; x_wconf 90' lang='lat' dir='ltr'>A.</span> <span class='ocrx_word' id='word_1_515' title='bbox 1237 4398 1268 4448; x_wconf 92' lang='lat' dir='ltr'>D.</span> <span class='ocrx_word' id='word_1_516' title='bbox 1281 4408 1312 4458; x_wconf 77' lang='lat'>32</span> 
     </span>
     <span class='ocr_line' id='line_1_50' title="bbox 168 4462 1157 4528; baseline 0.002 -17"><span class='ocrx_word' id='word_1_517' title='bbox 168 4473 273 4512; x_wconf 82' lang='lat' dir='ltr'>mortuus</span> <span class='ocrx_word' id='word_1_518' title='bbox 284 4474 326 4524; x_wconf 87' lang='lat' dir='ltr'>est,</span> <span class='ocrx_word' id='word_1_519' title='bbox 338 4466 412 4512; x_wconf 85' lang='lat' dir='ltr'>tactus</span> <span class='ocrx_word' id='word_1_520' title='bbox 423 4474 457 4513; x_wconf 84' lang='lat' dir='ltr'>est</span> <span class='ocrx_word' id='word_1_521' title='bbox 468 4466 520 4513; x_wconf 87' lang='lat' dir='ltr'>exul</span> <span class='ocrx_word' id='word_1_522' title='bbox 532 4467 578 4512; x_wconf 84' lang='lat' dir='ltr'>lam</span> <span class='ocrx_word' id='word_1_523' title='bbox 589 4481 650 4513; x_wconf 83' lang='lat' dir='ltr'>anno</span> <span class='ocrx_word' id='word_1_524' title='bbox 664 4473 686 4527; x_wconf 80' lang='lat'>7.</span> <span class='ocrx_word' id='word_1_525' title='bbox 720 4466 768 4527; x_wconf 87' lang='lat' dir='ltr'>(cf.</span> <span class='ocrx_word' id='word_1_526' title='bbox 780 4466 875 4513; x_wconf 89' lang='lat' dir='ltr'>Clinton</span> <span class='ocrx_word' id='word_1_527' title='bbox 886 4466 911 4516; x_wconf 88' lang='lat' dir='ltr'>F.</span> <span class='ocrx_word' id='word_1_528' title='bbox 924 4465 953 4514; x_wconf 91' lang='lat' dir='ltr'>R.</span> <span class='ocrx_word' id='word_1_529' title='bbox 965 4466 980 4513; x_wconf 91' lang='lat' dir='ltr'>i.</span> <span class='ocrx_word' id='word_1_530' title='bbox 997 4479 1060 4528; x_wconf 91' lang='lat' dir='ltr'>pp.9</span> <span class='ocrx_word' id='word_1_531' title='bbox 1072 4472 1095 4512; x_wconf 87' lang='lat' dir='ltr'>et</span> <span class='ocrx_word' id='word_1_532' title='bbox 1109 4462 1157 4526; x_wconf 87' lang='lat'>19).</span> 
     </span>
    </p>
   </div>
   <div class='ocr_carea' id='block_1_8' title="bbox 0 0 1541 5010">
    <p class='ocr_par' dir='ltr' id='par_1_9' title="bbox 0 0 1541 5010">
     <span class='ocr_line' id='line_1_51' title="bbox 0 0 1541 5010; baseline 0 0"><span class='ocrx_word' id='word_1_533' title='bbox 0 0 1541 5010; x_wconf 95' lang='lat' dir='ltr'> </span> 
     </span>
    </p>
   </div>
  </div>
 </body>
</html>
