3038 5010
591 377 916 440 PROLEGOMENA.
1302 375 1333 439 lv

170 535 281 608 yriom‘,
305 551 362 608 193
385 534 485 604 usibus,
508 552 568 610 334
590 537 767 606 endeumrna,
791 545 858 612 post
879 539 938 611 338
960 543 1039 595 caret
1059 533 1183 596 disticho
1204 532 1330 611 Denique

182 614 459 674 Sarmaticas—His
470 625 577 690 precor,
599 620 656 691 366
670 617 860 693 Membraque,
882 621 940 693 385
955 629 1061 693 rapax,
1082 636 1142 692 439
1155 618 1329 688 consternati}

183 715 242 773 443
264 699 415 770 uoramim,
437 710 494 772 472
519 698 560 770 Vt,
582 714 638 774 501
658 702 780 774 proprio.
826 698 948 777 Saepius
969 708 1068 758 tamen
1089 718 1156 759 cum
1177 699 1200 756 P
1222 710 1271 759 aut
1291 697 1330 768 X,

181 796 406 854 nonnumquam
420 796 488 837 cum
501 778 568 838 Vat.
584 781 732 856 conspirat
746 788 847 839 contra
861 780 898 841 G.
941 780 998 840 His
1017 781 1048 839 in
1067 780 1139 840 locis
1157 780 1330 857 plerumque

181 860 302 937 praetuli
315 877 492 919 consensum
505 861 639 937 plurium.

222 940 255 1000 P.
296 941 488 1017 Pbe'llippicus
506 943 591 1018 1796,
607 961 681 1002 saec.
697 943 746 1000 xiii
763 942 810 1002 uel
826 943 883 1001 xiv.
926 942 1006 1001 Inter
1026 943 1154 1020 optimos
1174 951 1218 1002 est
1239 952 1271 1001 ut
1292 960 1331 1003 ex

183 1035 241 1096 512
257 1033 378 1099 apparet
391 1023 441 1080 ubi
454 1023 598 1099 leoirepida
611 1024 732 1100 propius
749 1023 787 1083 ad
805 1041 907 1083 uerum
927 1025 1040 1084 accedit
1054 1043 1143 1101 quam
1157 1025 1279 1100 leoiepide
1291 1023 1329 1096 X,

181 1105 294 1162 le'coride
305 1103 333 1161 T
344 1112 373 1162 et
386 1105 599 1180 plerorumque,
616 1109 674 1179 380
688 1104 760 1163 deest
770 1123 824 1180 pro
839 1107 883 1163 dee
895 1113 941 1176 esi,
960 1124 1014 1164 191
1031 1106 1235 1181 hominibusque
1249 1105 1331 1182 quod

182 1186 339 1261 antiquitus
352 1185 488 1245 traditum
503 1186 598 1245 habeo
612 1204 666 1262 pro
682 1187 827 1245 usitatiore
843 1186 936 1245 sorma
948 1186 1101 1259 Ominibus,
1118 1191 1170 1246 181
1184 1188 1334 1262 quidiste!

181 1284 305 1325 summus
323 1267 359 1325 ab
377 1268 439 1338 emo,
457 1283 513 1341 193
528 1266 589 1325 Hic
606 1268 662 1325 erit
677 1273 704 1324 ei
722 1268 771 1326 ubi
791 1285 859 1327 cum
874 1266 933 1327 GX
947 1269 1091 1327 consentit
1112 1278 1214 1328 991111
1228 1267 1256 1325 T
1271 1268 1331 1326 Hic

182 1348 565 1423 eterita591repidumque
585 1350 635 1407 uhi
656 1367 723 1407 cum
738 1347 766 1407 T
786 1349 931 1408 consentit
952 1359 1054 1408 contra
1072 1350 1244 1425 trepidusque
1265 1349 1330 1407 reli-

183 1446 317 1506 quorum,
338 1447 394 1504 391
412 1427 474 1488 Sex
493 1437 532 1501 ui,
546 1428 575 1487 X
590 1429 687 1489 Sexus
706 1437 744 1502 ui,
759 1428 804 1487 Ei
819 1433 896 1488 uelut
914 1430 983 1500 GT,
1005 1429 1068 1490 Sex
1086 1430 1129 1488 bis
1147 1437 1179 1488 ui
1196 1430 1329 1500 Ouidius,

184 1525 243 1587 559
257 1512 333 1569 am'ti
344 1510 423 1570 solus
437 1520 524 1582 recte,
535 1514 627 1570 anema
640 1511 708 1582 TX,
719 1512 807 1570 ueluti
819 1511 856 1570 G.
899 1512 1014 1571 Primus
1025 1510 1196 1570 Cheltoniae
1211 1511 1329 1570 contuli.

224 1592 261 1651 X.
302 1592 461 1652 Parisinus
477 1605 565 1667 7994.
608 1592 689 1652 Saec.
704 1593 761 1651 xiii.
804 1592 922 1652 Contuli
936 1593 1060 1652 Parisiis.

224 1672 282 1733 His
300 1682 435 1751 quattuor
453 1674 602 1733 codicibus
620 1684 650 1733 et
664 1673 793 1734 Conradi
811 1675 955 1750 excerptis
977 1674 1068 1733 Ibidis
1087 1682 1182 1732 textus
1202 1672 1330 1732 maxime

183 1757 288 1826 nititur,
305 1755 357 1814 sed
376 1755 417 1813 ita
436 1765 468 1813 ut
488 1756 599 1831 primus
619 1754 700 1815 locus
722 1755 803 1815 detur
824 1755 966 1826 Galeam,
986 1756 1132 1815 secundus
1152 1754 1330 1814 Turonensi.

183 1837 335 1897 Praeterea
348 1835 478 1895 subsidio
492 1835 609 1895 suerunt

223 1917 262 1977 V.
310 1916 518 1976 Vindobommis
538 1921 606 1992 885,
628 1936 704 1978 saec.
719 1919 777 1978 xiii.
820 1918 910 1978 Hunc
930 1915 1098 1988 Merkelius,
1116 1936 1153 1976 ex
1175 1915 1330 1977 collatione

183 1997 310 2058 Mauritii
324 1998 446 2075 Hauptii
466 1999 595 2059 exhibuit
615 2000 645 2058 in
666 2000 712 2059 ed.
731 2003 817 2075 1837.
860 2000 962 2076 Ipsum
979 2018 1041 2059 non
1060 2000 1129 2069 uidi,
1143 2017 1214 2059 usus
1232 2009 1331 2058 tamen

184 2099 250 2140 sum
271 2079 443 2156 apographo
470 2080 552 2156 quod
576 2093 680 2157 rogatu
704 2100 772 2141 meo
801 2082 1024 2141 exscribendum
1052 2082 1164 2141 curauit
1187 2081 1332 2157 Iosephus

185 2161 339 2239 Hauptius‚
355 2171 454 2221 custos
467 2161 664 2222 Bibliothecae
685 2162 832 2223 Palatinae
847 2163 1097 2223 Vindobonensis.
1140 2162 1231 2222 Hunc
1251 2161 1331 2221 Mer-

183 2243 275 2303 kelius
296 2244 392 2303 solum
412 2260 474 2301 non
494 2244 699 2320 interpolatum
719 2244 921 2321 optimumque
942 2263 979 2302 ex
1001 2246 1059 2305 suis
1080 2244 1198 2304 habuit:
1224 2243 1331 2303 nostris

183 2334 319 2402 quattuor
333 2323 446 2384 GTPX
459 2324 624 2385 inferiorem
638 2325 742 2384 habeo.

223 2406 291 2466 Vat.
340 2405 490 2464 Vaticanus
508 2408 583 2465 1691
606 2408 683 2466 circa
703 2407 792 2465 finem
813 2408 937 2483 scriptus
957 2424 1033 2469 saec.
1048 2408 1103 2479 xiv,
1121 2416 1153 2467 ut
1173 2415 1293 2484 rogatus
1313 2424 1332 2465 a

184 2505 232 2548 me
258 2486 476 2548 Studemundus
500 2488 646 2547 iudicauit.
693 2488 792 2546 Habet
814 2490 931 2566 propria
953 2490 997 2548 sui
1019 2489 1173 2564 quaedam,
1196 2507 1271 2565 quae
1294 2505 1332 2546 91

183 2572 264 2629 bono
283 2568 385 2629 codice
402 2566 455 2645 per
469 2586 569 2629 casum
584 2570 709 2645 aliquem
723 2571 753 2627 in
767 2588 828 2629 non
843 2571 955 2630 bonum
968 2580 1162 2647 peruenerunt
1178 2589 1239 2646 319
1246 2569 1335 2645 piam

184 2670 219 2711 ex
232 2652 319 2726 piam,
329 2669 395 2727 399
409 2650 467 2708 Bis
484 2658 542 2709 acia
561 2651 585 2710 si
603 2651 695 2711 modo
710 2650 752 2709 bis
769 2669 805 2709 91
822 2670 876 2727 391
894 2651 1043 2729 superfuit,
1060 2655 1117 2725 418
1136 2650 1242 2726 Quique
1255 2655 1330 2722 tenet,

185 2747 242 2807 511
265 2734 304 2790 leo
323 2733 435 2807 trepida,
459 2746 517 2809 559
534 2734 625 2791 anicii
642 2732 723 2809 quod
744 2732 782 2792 ad
802 2735 877 2792 auiti
895 2734 1028 2810 proxime
1050 2733 1170 2792 accedit.
1213 2732 1332 2792 Contuli

185 2814 309 2873 Romae.

225 2895 268 2954 M.
309 2892 495 2954 Mutinensis.
540 2893 704 2955 Membran.
726 2913 801 2954 saec.
826 2915 870 2954 xv.
894 2895 1093 2955 Bibliothecae
1115 2895 1259 2966 Publicae,
1281 2895 1330 2953 ubi

184 2975 301 3036 contuli.
344 2975 400 3034 Cui
413 2976 574 3036 simillimus
588 2988 640 3048 est,
656 2979 790 3054 quamuis
805 2988 897 3036 aetate
912 2977 1072 3047 antecellat,

225 3057 265 3116 H.
308 3056 518 3117 Holbbamicus.
556 3057 753 3118 Bibliothecae
765 3058 888 3118 Comitis
902 3060 939 3118 de
950 3056 1115 3134 Leycestria
1130 3058 1159 3116 in
1173 3074 1244 3132 agro
1256 3055 1332 3116 Nor·

77 3200 80 3204 ,
185 3138 323 3197 folciensi.
366 3138 448 3199 Saec.
463 3139 520 3198 xiii.
563 3139 640 3198 Eum
655 3138 693 3198 ad
707 3158 755 3199 me
770 3140 979 3198 humanissime
993 3138 1151 3198 transmisit
1165 3139 1332 3198 Alexander

186 3219 305 3296 Napier,
320 3228 419 3278 custos
432 3220 632 3280 bibliothecae.

202 3300 268 3440 ·dHi
281 3299 341 3360 duo
353 3300 419 3360 HM
434 3301 508 3361 adeo
522 3302 596 3361 inter
610 3320 642 3361 se
656 3303 843 3362 consentiunt
856 3310 889 3361 ut
902 3321 938 3362 ex
951 3301 1101 3361 communi
1115 3300 1196 3360 sonte
1211 3299 1334 3360 deriuati

185 3382 214 3440 ui
235 3393 345 3441 eantur.

226 3462 321 3521 Parm.
361 3462 529 3522 Parmensis
549 3463 623 3523 HH.
643 3484 670 3523 x.
691 3478 738 3540 17,
759 3483 834 3525 saec.
848 3484 886 3524 xv
907 3465 1084 3525 chartaceus.
1128 3462 1267 3523 Continet
1288 3461 1332 3524 Io.

188 3558 294 3620 1-371.

226 3626 260 3686 F.
300 3625 551 3706 Framosurtanus
576 3627 607 3685 in
632 3627 813 3687 Bibliotheca
840 3627 965 3705 publica.
1016 3627 1142 3686 Heinsio
1165 3625 1259 3686 iudice
1283 3644 1331 3702 ap.

187 3706 305 3767 Merkel
322 3708 411 3767 TrIst.
430 3708 521 3767 Praef.
537 3727 565 3784 p.
580 3709 649 3768 xxxi
670 3710 792 3785 scriptus
812 3721 856 3769 est
877 3710 953 3769 clrca
967 3709 1055 3767 linem
1078 3727 1153 3769 saec.
1169 3710 1217 3781 xii,
1233 3725 1333 3767 recen-

187 3789 306 3848 tioribus
326 3800 355 3848 et
375 3788 474 3848 Riesio
494 3790 574 3849 uisus
595 3800 639 3850 est
659 3808 735 3849 saec.
756 3791 803 3848 xiv
823 3791 871 3849 uel
891 3810 937 3849 xv.
980 3789 1233 3866 ‘Interpolationis
1254 3788 1334 3850 haud

186 3869 358 3928 immunem'
373 3870 442 3930 dicit
453 3870 612 3930 Merkelius
621 3889 650 3947 p.
661 3872 749 3941 xxxii,
761 3872 810 3948 qui
824 3890 861 3932 eo
875 3888 945 3930 usus
959 3881 1003 3930 est
1016 3882 1045 3930 et
1058 3873 1089 3931 in
1098 3873 1186 3931 Trist.
1201 3882 1230 3930 et
1240 3871 1333 3931 Ibide.

188 3949 305 4010 Contuli
314 3950 505 4025 Francofurti;
521 3953 558 4011 de
567 3953 714 4012 nonnullis
725 3954 761 4012 de
771 3955 875 4029 quibus
884 3953 1069 4028 ambigebam
1078 3962 1180 4029 postea
1188 3953 1333 4028 rescripsit

187 4031 287 4091 adme
302 4030 426 4105 Riesius,
441 4035 490 4109 qui
504 4043 534 4092 et
547 4035 610 4110 ipse
625 4052 692 4093 eum
708 4035 876 4094 adhibuerat
891 4036 922 4091 in
937 4034 983 4093 ed.
998 4034 1097 4094 Ouidii
1107 4033 1332 4093 Tauchnitiana.

227 4113 343 4173 Praeter
364 4113 420 4173 hos
440 4115 471 4173 in
491 4133 547 4174 usu
567 4114 638 4174 mihi
659 4115 772 4174 fuerunt
791 4115 1009 4174 Canonicianus
1029 4134 1074 4186 ao,
1090 4115 1251 4191 Philippici
1273 4113 1332 4172 duo

189 4196 278 4268 3369,
300 4197 408 4268 13619,
431 4195 527 4255 Μ1191
549 4197 706 4256 Britannici
727 4207 784 4256 tres
805 4197 887 4256 Harl.
910 4201 997 4271 2538,
1016 4209 1122 4271 11971,
1145 4196 1242 4255 Sloan.
1265 4207 1332 4269 777,

188 4274 373 4335 Laurentiani
393 4277 491 4335 xxxiii.
512 4296 560 4352 31,
583 4278 677 4336 xxxvi.
696 4296 735 4351 34
756 4297 832 4354 quos
856 4278 978 4337 contulit
999 4296 1067 4336 meo
1087 4288 1191 4353 rogatu
1212 4276 1333 4334 Nicolas

187 4355 213 4415 d’
223 4356 357 4429 Anniani,
378 4356 511 4417 Vaticani
535 4358 608 4434 Reg.
627 4363 713 4429 1801,
736 4360 794 4419 Pal.
813 4373 888 4434 1709
911 4360 961 4434 qui
983 4359 1063 4418 solus
1084 4376 1195 4417 annum
1216 4365 1333 4415 testatur

188 4453 248 4514 quo
263 4439 386 4517 scriptus
400 4450 444 4498 est
461 4459 547 4514 1494,
562 4441 616 4499 sub
630 4440 802 4500 Pontificatu
816 4440 972 4499 Alexandri
987 4440 1039 4498 VI.
