3038 5010
621 395 867 456 PRAEFATIO.
1301 398 1330 457 ix

181 556 285 615 stantio
300 564 460 632 occupatae
478 565 582 614 essent.
625 556 737 614 Primus
757 565 856 615 tamen
876 554 1018 632 Egnatius
1033 576 1060 614 u.
1077 571 1133 632 591
1152 556 1280 616 Comicus
1298 561 1331 613 ut

179 643 296 725 tr'quraii
324 650 361 709 de
388 649 533 725 Eupolide
566 648 736 708 Atheniensi
770 649 961 726 interpretans
991 650 1090 709 locum
1117 649 1242 709 Platonii
1269 650 1329 722 περὶ

181 746 306 818 διαφορᾶς
323 745 458 814 κωμωδιῶν
471 740 631 821 (Aristoph.
651 742 747 802 Schol.
765 762 793 820 p.
810 745 827 803 i.
845 758 881 817 25
897 743 942 803 ed.
958 742 1193 823 Dlibner)''lapeu
1208 749 1272 818 γοῦν
1284 745 1329 799 τὸν

181 842 295 895 Εὔπολιν
308 839 350 895 ι’πὶ
363 842 400 914 τῷ
413 839 512 908 διδάξαι
525 839 584 896 τοὺς
598 840 700 895 Βάπτας
716 837 886 910 ἀποπνιγέντα
905 840 942 897 εἷς
961 841 1007 909 τὴν
1025 840 1163 895 θάλασσαν
1176 837 1218 896 ὑπ’
1233 834 1328 893 ἐκείνου

180 933 217 990 εἷς
230 931 259 987 ὃν
273 932 364 1002 καθῆκε
378 933 437 989 τοὺς
451 935 551 989 Βάπτας
564 930 675 1002 adtulit,
691 930 744 991 sed
757 941 908 1008 tamquam
922 950 959 990 ex
974 931 1178 1008 Aristophanis
1192 931 1328 990 scholiis:

180 1024 317 1102 idemque
331 1034 408 1084 recte
423 1023 590 1099 Idmonaque
603 1025 731 1083 audacem
746 1023 831 1102 (504)
843 1024 879 1084 de
893 1033 960 1083 uate
975 1025 1066 1084 fatum
1081 1024 1162 1102 quod
1176 1024 1229 1083 sibi
1244 1043 1328 1101 prae·

180 1118 292 1178 uiderat
305 1137 367 1177 non
384 1119 491 1177 uitaute
505 1118 671 1194 explicauit.

222 1212 282 1271 Hic
310 1210 467 1270 dicendum
498 1222 555 1271 est.
569 1212 605 1271 de
633 1211 747 1271 duobus
782 1212 850 1270 uiris
878 1212 951 1271 Iano
980 1211 1139 1283 Parrhasio,
1168 1212 1326 1272 Francisco

181 1305 304 1376 Alciat0,
327 1304 376 1381 qui
397 1305 467 1364 alter
488 1314 667 1381 praeceptor,
693 1305 763 1364 alter
788 1306 953 1382 discipulus,
982 1305 1034 1365 sed
1056 1306 1171 1367 diuerso
1193 1305 1328 1377 intonsi,

182 1400 291 1476 ingenii
314 1400 388 1458 uires
410 1399 440 1456 in
463 1399 636 1475 explicanda
661 1399 745 1458 Ibide
767 1409 965 1459 exercuerunt.
1007 1399 1141 1472 Quorum
1163 1399 1329 1459 Parrhasius

182 1491 391 1574 (1470-1534)
416 1492 519 1552 decem
547 1511 584 1551 ex
608 1493 818 1552 obscurissimis
842 1493 923 1567 locis,
948 1513 966 1552 a
989 1492 1122 1552 Domitio
1147 1493 1223 1552 male
1248 1493 1331 1552 intel·

182 1589 282 1659 lectos,
301 1605 371 1645 nam
389 1586 473 1645 huius
491 1586 581 1645 solius
600 1589 841 1667 commentarium
861 1597 992 1659 nouerat,
1012 1587 1178 1646 doctissime
1198 1588 1330 1646 tractauit

183 1682 213 1739 in
241 1678 402 1757 Epistulis*
431 1698 504 1758 quas
532 1698 611 1738 anno
639 1684 714 1755 1567
741 1681 790 1739 diu
817 1691 884 1758 post
912 1681 1003 1757 ipsius
1032 1692 1158 1740 mortem
1183 1680 1330 1740 Henricus

184 1774 349 1851 Stephanus
373 1773 462 1834 edidit
485 1784 514 1832 et
537 1772 690 1834 Ludouico
715 1774 895 1834 Casteluetro
916 1774 1069 1834 dedicauit.
1113 1773 1181 1845 Hic,
1207 1785 1239 1833 ut
1261 1774 1332 1833 nihil

185 1869 280 1928 dicam
303 1869 340 1928 de
362 1868 493 1927 uersibus
515 1886 590 1944 quos
613 1868 801 1929 Constantius
825 1868 931 1928 eodem
959 1868 1050 1928 modo
1078 1869 1242 1945 explicabat
1271 1883 1330 1943 520

184 1960 252 2020 Non
266 1963 443 2038 profecturae
463 1962 585 2019 conditor
604 1963 742 2033 historiae,
766 1976 802 2037 57
807 1982 824 2037 3
847 1962 930 2036 thue
943 1969 1053 2037 patrem
1074 1963 1250 2035 Psamathes,
1272 1965 1329 2036 615

188 2053 379 2131 Obstructoque
391 2056 512 2134 famem,
539 2070 596 2130 305
620 2056 751 2132 Nataque
775 2063 807 2115 ut
827 2057 974 2125 Aeacidae,
1000 2073 1079 2114 noua
1104 2074 1138 2114 ac
1161 2056 1331 2133 plerumque

184 2172 253 2212 uera
272 2154 429 2230 disputauit
450 2152 487 2212 de
508 2153 552 2212 his
570 2152 643 2213 locis
658 2155 811 2231 Phaytleae
830 2168 897 2228 502,
920 2154 1011 2212 Vnum
1028 2156 1081 2229 qui
1096 2161 1148 2213 toto
1168 2173 1226 2229 344
1243 2159 1331 2232 quein

185 2248 222 2307 de
242 2248 333 2307 Aiace
354 2247 556 2323 interpretatus
581 2257 632 2319 est,
656 2266 714 2322 319
737 2247 801 2306 Aut
820 2255 852 2306 ut
873 2247 1020 2306 Atarm'tet
1040 2265 1129 2324 quern
1153 2247 1190 2306 de
1216 2248 1332 2325 Pactye,

187 2360 245 2416 499
260 2339 367 2399 Inuida
386 2360 414 2398 se
431 2341 549 2416 scopulis
563 2359 651 2418 quem
666 2342 702 2400 de
717 2340 855 2418 Aglauro,
871 2355 928 2416 517
949 2340 1076 2417 Quodque
1078 2342 1187 2420 ferunt
1198 2341 1332 2401 Brotean.

185 2434 264 2493 Nam
284 2434 461 2507 Parrhasius,
482 2435 577 2494 iudice
598 2434 638 2494 H.
662 2434 820 2512 Stephano,
840 2454 909 2512 prae
927 2435 1029 2495 ceteris
1047 2435 1106 2494 fere
1126 2436 1264 2495 omnibus
1283 2436 1334 2512 qui

184 2536 286 2605 poetas
307 2528 523 2587 commentariis
543 2528 737 2599 inlustrarunt,
757 2538 785 2588 et
807 2529 886 2587 uaria
908 2528 1039 2587 doctrina
1060 2537 1089 2587 et
1109 2528 1216 2588 iudicio
1239 2539 1267 2587 et
1289 2529 1333 2587 in·

185 2620 272 2697 genio
301 2631 330 2680 et
356 2623 499 2680 memoria
522 2622 618 2694 ualuit,
642 2621 768 2699 limaque
789 2622 935 2681 exactiore
960 2641 1029 2681 usus
1054 2632 1104 2682 est.
1148 2623 1208 2681 Sed
1232 2623 1332 2698 iniqua

186 2724 262 2773 sorte
285 2715 405 2774 iactatus
430 2715 460 2773 in
482 2733 597 2775 summa
619 2716 738 2792 penuria
758 2715 889 2788 decessit,
912 2717 1067 2776 eteoclem
1088 2725 1159 2775 teste
1181 2715 1332 2793 Stephano

186 2817 336 2885 tamquam
356 2827 432 2868 unus
453 2828 469 2868 e
489 2811 750 2886 grammatistarum
770 2829 860 2887 grege
881 2809 995 2869 habitus
1015 2819 1059 2868 est
1080 2810 1175 2870 donec
1195 2812 1284 2869 tribus
1304 2820 1333 2869 et

186 2902 301 2979 triginta
315 2912 383 2978 post
397 2903 480 2962 annis
495 2903 588 2962 editae
602 2903 741 2980 epistulae
754 2904 828 2963 inter
842 2903 1032 2980 peritissimos
1041 2903 1195 2962 Romanae
1206 2923 1332 2980 poeseos

187 2996 376 3072 explicatores
390 2997 467 3055 hunc
482 3014 546 3056 esse
560 2998 750 3073 peruicerunt.
793 2997 936 3056 Parrhasii
957 2997 1071 3056 auditor
1085 2997 1216 3056 Aleiatus
1231 2997 1332 3074 quanti

187 3089 253 3147 Ibin
271 3089 402 3148 habuerit
421 3090 507 3158 docet
524 3090 596 3149 liber
609 3091 826 3150 Emblematum
845 3090 895 3166 qui
914 3108 969 3166 pro
982 3090 1079 3149 Embl.
1096 3095 1132 3165 87
1150 3091 1215 3149 Ibin
1236 3091 1332 3161 habet,
1411 3136 1413 3140 .

187 3182 295 3242 docent
309 3202 383 3261 quae
399 3184 429 3241 in
442 3184 575 3260 Parergis
590 3184 664 3243 Iuris
679 3203 778 3260 sparsa
795 3184 923 3243 enotauit
938 3184 975 3243 de
990 3184 1138 3241 carmine:
1161 3201 1185 3242 e.
1197 3203 1225 3260 g.
1241 3185 1276 3242 vi.
1295 3203 1330 3242 21

187 3275 259 3334 duas
280 3277 431 3355 proposuit
453 3277 659 3354 explicationes
683 3296 711 3336 u.
736 3291 791 3352 471
818 3283 850 3336 ut
871 3277 921 3334 cui
942 3282 1089 3334 matertera
1113 3274 1211 3346 Maia,
1233 3277 1271 3334 ix.
1296 3296 1333 3351 23

188 3369 298 3428 Achaei
308 3371 338 3428 in
354 3389 411 3446 299
426 3371 462 3430 de
477 3370 610 3430 Histiaeo
625 3370 750 3443 Milesio,
766 3369 914 3448 Syracosio
921 3374 1016 3445 poetae
1031 3384 1089 3444 549
1104 3368 1141 3428 de
1156 3369 1333 3430 Theocriteo

188 3463 236 3521 illo
250 3465 300 3540 qui
315 3482 346 3522 se
361 3465 511 3541 suspendit
524 3473 643 3541 propter
657 3482 787 3523 amorem
801 3464 890 3541 pueri,
905 3482 933 3522 x.
950 3482 967 3536 4
982 3461 1092 3540 Sparsa
1099 3473 1154 3540 per
1167 3463 1335 3523 Ambracias

189 3557 226 3614 de
241 3556 439 3634 Neoptolemo
454 3577 490 3617 ex
505 3557 585 3635 Hyg.
605 3577 660 3633 1²3
676 3559 876 3635 interpretatus
891 3567 943 3617 est.

230 3651 320 3710 Anno
338 3666 415 3726 1550
431 3651 565 3728 Micyllus
582 3653 614 3709 in
630 3652 714 3710 tertio
732 3652 865 3711 editionis
880 3650 980 3710 Ouidii
998 3651 1147 3709 uolumine
1162 3652 1228 3709 Ibin
1242 3651 1335 3728 publi-

189 3745 265 3803 cauit
282 3763 350 3803 cum
367 3746 586 3804 commentario.
629 3744 689 3804 Hic
709 3746 816 3804 multos
835 3746 965 3821 priorum
984 3762 1095 3803 errores
1109 3746 1231 3815 sustulit,
1247 3747 1336 3804 multa

189 3856 268 3897 noua
278 3838 396 3897 addidit.
426 3837 485 3909 Qui
496 3856 676 3915 quamquam
686 3850 753 3915 post
765 3839 912 3916 Saluagnii
924 3839 1081 3897 editionem
1092 3840 1183 3897 rarius
1194 3839 1337 3913 laudatur,

188 3951 251 3990 non
269 3950 363 4009 pauca
379 3933 534 4008 occupauit
548 3950 623 4008 quae
642 3933 709 3991 huic
729 3933 900 4010 plerumque
920 3931 1115 4008 adsignantur.
1159 3931 1206 3990 Sic
1225 3933 1336 4009 primus

189 4043 226 4084 ex
250 4026 295 4084 ed.
319 4025 433 4085 Veneta
457 4026 605 4086 reuocauit
630 4027 746 4084 r‘rrermis
769 4035 842 4102 opem
868 4027 935 4100 256,
961 4025 1094 4102 quamuis
1117 4025 1148 4083 id
1174 4026 1281 4085 tardius
1307 4028 1335 4084 in

190 4119 331 4178 editiones
358 4119 528 4195 peruenerit,
554 4128 641 4195 atque
665 4119 753 4177 etiam
781 4119 812 4176 in
840 4118 884 4177 ed.
911 4118 988 4176 Dan.
1018 4116 1132 4177 Heinsii
1160 4119 1230 4200 anni
1260 4121 1335 4194 1629

190 4222 354 4272 monstrum
367 4212 436 4270 illud
447 4213 549 4270 eiurare
557 4219 651 4288 potens
662 4222 837 4289 compareat.
867 4212 951 4271 Idem
962 4210 1096 4288 Micyllus
1107 4219 1220 4288 cognato
1229 4215 1337 4271 nominc

191 4324 247 4380 301
265 4306 301 4366 de
316 4305 452 4366 Aeacidis
471 4306 671 4382 interpretatus
689 4315 748 4377 est;
773 4318 829 4380 397
846 4304 961 4364 Thrasii
980 4323 1091 4363 nornen
1110 4306 1265 4376 reuocauit,
1282 4324 1336 4381 pro

386 4451 400 4484 *
418 4449 466 4496 lani
478 4449 588 4497 Parrhasii
600 4449 668 4497 Liber
680 4450 709 4496 de
720 4450 787 4496 rebus
798 4464 838 4510 per
849 4449 969 4510 epistolem
982 4448 1097 4511 quaesitis.
