3038 5010
220 380 277 443 lviii
628 377 955 440 PROLEGOMENA.

224 543 292 615 287,
308 555 376 613 322,
392 555 460 612 323,
478 532 535 611 325
550 552 618 595 eum
634 533 659 595 C
674 544 703 595 et
716 533 788 596 Ash.
803 536 917 596 uidetur
934 536 1115 608 consentire;
1144 544 1221 596 certe
1235 553 1271 595 ex
1286 553 1367 596 com·

222 621 304 689 muni
325 619 405 679 fonte
426 617 625 694 profluxerunt
638 624 776 693 partacom
797 616 908 697 (Bern.)
928 617 1084 693 Spartacon
1105 616 1144 697 (C
1165 615 1258 695 Asu),
1279 636 1369 695 quem

223 703 404 762 Graecorum
418 700 615 759 accusatiuum
629 715 683 775 pro
703 700 810 759 usitato
825 698 994 775 Spartacum
1012 699 1120 758 indicio
1133 698 1228 759 habeo
1243 700 1369 776 antiqui·

222 784 297 842 tatis.
338 782 387 840 Ad
409 799 466 856 293
487 781 633 840 consentit
654 779 712 839 lere
733 798 801 839 cum
822 779 861 853 G,
881 780 999 857 quicum
1020 781 1106 840 etiam
1127 781 1165 840 ad
1187 798 1243 855 301
1267 799 1368 840 uersus

222 864 321 942 Argos
347 863 470 921 hostilem
491 862 674 940 Memforoni
696 862 812 921 cuidam
841 861 983 939 adsignat.
1025 861 1110 934 Quae
1137 863 1302 922 satissunt
1330 862 1369 921 ad

224 944 483 1006 demonstrandum
498 943 659 1002 Bemensia
677 943 788 1002 scholia
806 960 867 1001 non
887 943 962 1002 adeo
980 944 1086 1003 nostris
1105 943 1253 1002 dissimilia
1271 942 1368 1012 luisse,

222 1038 255 1086 ut
275 1025 398 1084 multum
420 1024 488 1084 inde
509 1042 604 1083 nouae
625 1022 698 1082 lucis
718 1024 792 1083 Ibidi
814 1023 1002 1084 adcresceret.
1041 1024 1087 1082 Ex
1107 1025 1249 1084 uniuersis
1270 1034 1368 1083 autem

223 1107 398 1184 comparatis
422 1105 538 1165 scholiis
562 1115 682 1182 apparet
705 1105 862 1182 antiquitus
883 1106 983 1164 breuia
1009 1105 1153 1182 quaedam
1177 1106 1281 1165 tradita
1304 1124 1368 1165 esse

222 1207 298 1267 quae
312 1198 416 1264 postea
430 1187 515 1246 uariis
528 1187 645 1246 modis
638 1196 779 1245 inmutata
792 1198 821 1245 et
835 1196 969 1263 cormpta
982 1186 1094 1246 luerint.

264 1270 374 1329 Nescio
397 1286 457 1344 quo
479 1267 538 1327 fato
564 1266 698 1326 acciderit
721 1278 753 1326 ut
775 1280 870 1327 cetera
890 1267 990 1328 Ouidii
1013 1268 1143 1328 carmina
1163 1269 1260 1328 bonos
1283 1266 1370 1327 scho-

221 1351 317 1411 hastas
329 1362 414 1409 nacta
424 1350 602 1420 uideamus·
595 1368 629 1407 m
643 1367 711 1407 una
721 1347 818 1408 Ibide
832 1348 1045 1409 falsariorum
1059 1350 1213 1409 sollertia
1227 1368 1261 1408 se
1275 1367 1368 1408 exer-

223 1433 336 1492 cuerit.
373 1431 459 1490 Certe
473 1449 529 1490 nec
543 1432 572 1488 in
583 1430 743 1490 Amoribus
758 1449 813 1490 nec
827 1430 858 1489 in
868 1431 939 1489 Arte
949 1429 1101 1490 Amatoria
1114 1450 1169 1491 nec
1183 1432 1214 1490 in
1223 1431 1369 1490 Tristibus

223 1516 322 1574 necin
337 1513 410 1572 libro
422 1511 702 1589 Metamorphoseon
717 1512 783 1570 ficta
798 1512 933 1588 equidem
948 1513 1202 1588 interpretamenta
1216 1530 1311 1587 neque
1323 1512 1368 1570 his

222 1613 355 1656 conexos
371 1594 455 1653 fictos
474 1611 576 1653 uersus
594 1602 744 1669 tamquam
762 1603 899 1652 notorum
918 1603 1070 1669 poetamm
1085 1593 1161 1653 Galli
1175 1593 1283 1652 Tibulli
1298 1592 1368 1650 Pro-

222 1678 305 1754 pertii
326 1686 379 1735 etc.
394 1674 523 1735 offendi:
549 1691 727 1751 quamquam
749 1675 869 1733 materia
890 1692 951 1733 uon
972 1674 1077 1746 deerat,
1093 1675 1155 1735 siue
1176 1684 1295 1751 propter
1315 1675 1369 1733 ob·

223 1760 396 1828 scuritatem‚
411 1757 473 1815 siue
488 1756 568 1832 quod
583 1766 681 1832 turpes
699 1755 834 1814 historiae
848 1764 954 1814 essent
996 1756 1044 1814 An
1058 1757 1280 1834 suppositicium
1294 1773 1369 1832 opus

222 1840 289 1899 Ibin
316 1837 436 1898 credidit
457 1837 605 1896 falsarius?
633 1837 753 1913 eiusque
782 1838 929 1913 opinionis
956 1837 1167 1897 documentum
1194 1839 1257 1914 ipse
1281 1835 1369 1895 salsos

221 1938 324 1980 uersus
338 1919 456 1980 scholiis
469 1917 583 1976 intulit?
610 1919 660 1977 An
680 1935 748 1976 cum
766 1918 797 1976 in
816 1919 928 1977 incerto
942 1928 1019 1977 esset
1033 1919 1217 1994 quorundam
1232 1935 1369 1977 uersuum

223 2002 313 2060 Ibidis
334 1999 496 2077 explicatio,
512 1998 677 2058 coniectura
696 1999 798 2075 aliquis
818 2009 847 2058 et
867 2001 1122 2076 interpretamenta
1143 2008 1243 2059 suaet
1264 1998 1374 2058 horum·

222 2093 311 2142 testes
325 2099 426 2141 uersus
445 2081 549 2138 finxit?
577 2090 641 2138 utut
660 2098 692 2139 se
710 2099 756 2139 res
770 2081 866 2151 babet,
880 2081 975 2140 tricies
992 2091 1036 2141 ter
1049 2081 1209 2187 leguntur
1201 2099 1231 2139 m
1251 2080 1369 2139 scholiis

221 2162 387 2222 huiusmodi
402 2163 460 2221 ficti
474 2161 595 2237 elegiaci
610 2161 834 2238 hexametrique.

262 2244 390 2322 Elegiaci
406 2253 472 2302 sunt
485 2243 524 2315 hi,

303 2326 452 2402 Propertii
463 2334 533 2383 octo
549 2338 615 2400 257,
632 2323 690 2382 duo
708 2322 851 2404 297(ubi,
864 2324 990 2384 Plautus
1009 2325 1111 2384 dicitur
1124 2325 1154 2384 in
1170 2324 1210 2405 G)
1225 2327 1285 2389 duo
1300 2332 1369 2402 461,

344 2407 403 2465 duo
419 2408 487 2480 463.

302 2487 388 2547 Batti
398 2486 458 2546 duo
474 2505 541 2562 299.

306 2569 392 2629 Galli
407 2578 542 2645 quattuor
563 2569 630 2643 285,
650 2566 710 2627 duo
727 2570 794 2644 287,
812 2568 871 2628 duo
889 2581 958 2644 325,
978 2568 1038 2628 duo
1058 2583 1125 2645 327,
1145 2570 1204 2631 duo
1221 2588 1289 2649 352,
1309 2572 1369 2633 duo

346 2654 414 2726 364,
429 2650 488 2708 duo
504 2652 573 2722 465.

308 2732 418 2790 Tibulli
428 2741 497 2790 octo
512 2745 570 2807 307
586 2728 686 2809 (Gallo
700 2731 747 2790 alii
761 2727 936 2810 adsignant).

304 2813 435 2871 Lucretii
446 2822 514 2871 octo
530 2831 598 2888 419.

312 2896 449 2954 Varronis
462 2891 625 2971 (Maronis)
639 2893 699 2952 duo
714 2908 781 2969 327,
797 2895 856 2954 duo
872 2912 939 2970 319,
955 2894 1014 2953 duo
1030 2913 1097 2971 322.

306 2976 479 3037 Callimachi
489 2974 548 3034 duo
564 2992 632 3051 325.

306 3058 470 3119 Callistonis
483 3054 542 3133 (alii
555 3057 733 3132 Promptiana
747 3058 809 3118 siue
825 3057 983 3118 Calmetlem
997 3057 1108 3138 dicunt)
1122 3069 1190 3119 octo
1210 3074 1245 3136 27
1250 3081 1275 3136 3.

304 3139 462 3198 Democriti
473 3136 670 3217 (Democridrh)
684 3139 743 3198 duo
760 3158 827 3214 293.

304 3221 428 3280 Homeri
440 3218 639 3299 (Menesromi)
654 3219 713 3279 duo
729 3239 797 3296 322.

304 3303 422 3361 Arionis
435 3301 494 3360 duo
511 3320 578 3376 32ο.

304 3383 431 3458 Luperci
442 3383 501 3441 duo
515 3401 581 3457 322,
594 3382 652 3442 duo
665 3401 723 3456 314
736 3382 853 3457 (Neode
868 3392 1008 3443 atestante
1017 3382 1104 3443 Bern.
1118 3396 1184 3459 722,
1194 3387 1222 3446 12.
1231 3406 1255 3447 e.
1264 3389 1372 3450 eodem

345 3465 480 3540 Luperco
495 3464 542 3522 cui
556 3463 652 3541 priora
665 3464 712 3523 illa
733 3465 768 3523 Vt
779 3484 840 3523 eum
854 3467 978 3542 desumto
991 3465 1201 3547 adsignantur).

304 3546 457 3604 1122222222Ι
467 3542 616 3622 (Fauorini
625 3544 648 3622 i)
663 3545 722 3604 duo
739 3565 806 3622 329.

303 3625 397 3684 Darii
408 3623 511 3704 (Clari
521 3625 615 3697 Mure,
630 3644 668 3684 an
685 3624 858 3687 Callimachi
861 3625 963 3706 8)8(1220
979 3648 1046 3703 332,
1061 3629 1121 3689 duo
1136 3647 1206 3706 335.

264 3708 436 3767 Hexametri
450 3717 525 3778 sunt,

307 3789 376 3850 Call
352 3788 480 3846 1122222122
496 3797 633 3864 quattuor
654 3803 721 3865 279,
742 3799 877 3867 quattuor
899 3803 956 3865 295
978 3791 1029 3849 ubi
1050 3792 1153 3853 dicitur
1172 3794 1286 3855 Crinius
1307 3796 1370 3856 122

344 3869 519 3946 Cyrenaeus.

304 3951 452 4027 Eupalami
467 3952 525 4010 duo
542 3965 609 4025 255

303 4033 426 4091 Homeri
438 4031 639 4113 (Menesromi)
654 4050 713 4110 305
728 4034 797 4094 duo.
827 4080 829 4084 .

307 4115 392 4175 Gali
402 4113 462 4172 duo
478 4132 546 4190 323.

305 4197 412 4254 Incerti
423 4196 482 4254 duo
500 4200 566 4272 269.

265 4278 306 4336 H1
316 4294 416 4336 uersus
427 4293 487 4334 non
496 4294 611 4354 semper
620 4277 699 4338 falsis
708 4279 831 4339 historus
841 4279 1032 4352 adstruuntur
1043 4281 1095 4342 sed
1103 4281 1274 4362 plemmque
1285 4285 1370 4345 ueris

224 4359 303 4418 Nam
325 4377 392 4416 cum
413 4358 508 4416 tricies
529 4369 572 4417 ter
591 4361 669 4419 inlati
691 4362 755 4432 sint,
771 4362 899 4421 sedecies
921 4373 1031 4421 tantum
1052 4363 1187 4424 falsamm
1209 4367 1372 4427 sabulamm

224 4442 470 4517 complementum
485 4451 552 4499 Sum
569 4454 635 4514 255,
649 4445 716 4517 285,
729 4447 796 4519 287,
810 4462 877 4519 293,
891 4461 958 4520 295,
976 4457 1042 4519 297,
1058 4459 1126 4521 307,
1142 4466 1207 4523 323,
1221 4462 1288 4523 325,
1302 4463 1370 4525 327,
