3038 5010
674 411 719 470 nr
750 377 847 472 tntu.
1297 420 1336 479 ss

229 587 296 650 475.
317 574 363 633 Vt
396 573 550 634 Macedo.
601 573 738 634 Machelo
821 574 937 635 Macelo
961 574 1101 656 (Macedo
1124 573 1336 653 Arusnates

185 654 438 720 filiaiDomonis
467 675 535 716 cum
567 655 597 714 in
631 657 738 732 nuptiis
780 657 934 734 quaedam,
959 675 1026 716 cum
1051 659 1202 718 interesset
1227 659 1336 736 nuptiis

187 737 302 796 sederet
319 756 386 796 cum
401 737 540 800 lMeneta
558 738 663 797 marito
685 755 738 796 suo
780 739 847 808 suis,
871 738 1021 798 fulminata
1049 749 1092 799 est
1119 758 1138 798 a
1166 739 1238 798 ioue
1267 755 1335 800 cum

187 817 331 877 fulminati
356 830 431 892 sunt,
453 820 520 896 quia
541 837 645 880 omnes
666 820 738 879 deos
781 821 908 897 coniuge
949 838 1003 880 suo
1042 819 1231 893 Menedemo,
1267 821 1336 897 quia

186 910 301 977 praeter
314 899 418 961 Iouem
433 901 632 960 inuitauerant.
678 900 714 961 G.
781 919 886 962 omnes
914 901 986 961 deos
1020 902 1192 961 znur'tauerat
1222 912 1334 979 praeter

493 1007 494 1010 ¹
783 978 906 1065 [ipsum]
922 982 1034 1060 ionem.
1080 981 1227 1043 CctAsk.

228 1060 356 1121 Macedo
384 1062 442 1121 filia
463 1062 609 1123 Damonis
637 1062 739 1123 dicitur
822 1064 972 1124 Nicander
993 1064 1063 1124 dicit
1083 1063 1222 1124 Macelon
1243 1065 1334 1128 filiam

186 1161 255 1202 cum
294 1146 442 1204 sororibus
476 1145 587 1204 fuisse:
636 1145 739 1204 harum
780 1145 925 1205 Damonis
957 1164 1025 1205 cum
1054 1146 1200 1205 sororibus
1233 1146 1333 1206 fuisse.

186 1224 314 1300 hospitio
342 1244 412 1285 usus
440 1226 558 1301 Iupiter,
580 1245 648 1286 cum
671 1226 740 1286 Tel·
779 1228 882 1286 harum
904 1226 1032 1303 hospitio
1052 1226 1162 1304 Iupiter
1183 1237 1334 1305 susceptus

187 1304 286 1366 chinas
308 1324 433 1383 quorum
454 1306 501 1366 hic
520 1308 656 1384 princeps
679 1317 740 1367 erat
781 1326 848 1368 cum
892 1308 1056 1368 Thelonios
1105 1325 1230 1386 quorum
1285 1308 1333 1368 hic

186 1397 406 1466 corrumpentes
441 1389 550 1448 inuidc‘a
588 1407 740 1448 successus
781 1390 1099 1467 Damoprincepserat
1114 1399 1334 1468 corrumpentes

186 1469 319 1528 omnium
344 1469 490 1529 fructuum
513 1470 632 1529 fulmine
653 1473 740 1530 inter·
780 1472 902 1531 uenenis
924 1489 1077 1531 successus
1102 1471 1236 1530 omnium
1256 1471 1334 1531 fruc·

186 1549 294 1624 iiceret,
323 1551 456 1611 seruauit.
502 1552 540 1610 ad
569 1571 642 1628 quas
671 1571 739 1612 cum
780 1562 862 1612 tuum
877 1553 996 1611 fulmine
1013 1553 1188 1612 interficeret
1208 1553 1335 1613 seruauit

185 1632 314 1691 uenisset
356 1632 455 1691 Minos
497 1651 565 1692 cum
605 1633 739 1692 Dexione
780 1650 840 1694 eos.
863 1635 915 1694 sed
925 1634 1040 1693 Macelo
1055 1652 1122 1693 cum
1137 1634 1201 1693 uiro
1215 1643 1334 1710 propter

185 1713 362 1773 concubuit:
391 1718 426 1772 e'x
448 1732 506 1791 qua
527 1715 636 1774 creauit
657 1715 739 1774 Eux·
780 1716 834 1775 uiri
862 1716 1021 1792 nequitiam
1048 1715 1140 1792 periit.
1196 1714 1236 1774 ad
1263 1715 1334 1775 alias

186 1795 297 1853 antium
317 1795 395 1855 unde
412 1795 596 1855 Eusantidae
616 1795 739 1859 fuerunt.
781 1816 853 1857 uero
865 1806 993 1856 seruatas
1004 1815 1072 1856 cum
1086 1797 1214 1856 uenisset
1223 1795 1332 1866 Minos

184 1875 223 1935 P.
781 1896 849 1937 cum
890 1878 1052 1938 Desithone
1093 1876 1248 1957 (Desitone
1292 1878 1332 1936 ed.

780 1958 896 2039 Parni.)
912 1960 1077 2031 concubuit,
1092 1977 1129 2018 ex
1148 1976 1207 2036 qua
1225 1959 1334 2018 creauit

780 2041 955 2100 Eusantium
978 2040 1057 2100 unde
1081 2040 1241 2100 Eusantiae
1271 2040 1332 2102 fue·

779 2133 854 2182 runt.
890 2123 956 2182 Caci.
969 2121 1127 2198 Saluagm'r'
1137 2127 1163 2180 ct
1175 2122 1215 2180 ed.
1229 2122 1332 2181 Paris.

783 2218 869 2280 Ῑ573·

221 2406 282 2457 475.
301 2393 403 2446 Similia
416 2393 493 2447 Marc
504 2412 526 2446 s.
537 2414 561 2447 a.
581 2390 720 2446 Macedon
734 2392 778 2446 uel
792 2391 912 2446 Macedo
929 2393 957 2444 in
974 2390 1079 2460 nupciis
1096 2406 1160 2444 cum
1178 2390 1333 2446 menedrita

184 2463 300 2529 coniuge
312 2462 472 2516 fulminatus
484 2469 525 2516 est
538 2465 612 2531 quod
625 2479 720 2517 omnes
733 2463 799 2516 deos
808 2469 919 2532 praeter
931 2464 1023 2516 iouem
1035 2461 1071 2516 ad
1083 2462 1194 2530 nupcias
1206 2462 1334 2516 inuitauit

186 2534 280 2585 01¹³in
298 2534 363 2601 ybin
376 2533 413 2586 Vt
431 2535 565 2588 macedon
582 2534 682 2601 rapidis
699 2535 787 2588 iactus
803 2549 867 2588 cum
884 2533 1000 2600 coniuge
1017 2532 1132 2586 flammis
1147 2533 1191 2586 uel
1205 2532 1285 2587 aliter
1301 2539 1333 2588 ut

185 2602 291 2669 legatur
302 2605 374 2657 iacta
387 2604 526 2658 Macedon
543 2605 668 2659 danethis
680 2605 733 2657 iilia
749 2621 828 2659 soror
842 2619 1003 2672 earumque
1019 2605 1110 2657 iouem
1127 2602 1335 2672 hospitauerant

185 2689 255 2726 uxor
274 2675 402 2743 principis
422 2675 601 2729 thelebonum
623 2691 763 2729 successus
782 2676 905 2729 omnium
926 2673 1067 2728 fructuum
1087 2673 1190 2727 inuidia
1210 2675 1333 2742 corrupit

184 2743 258 2798 unde
279 2747 336 2812 ipsa
357 2761 420 2798 cum
442 2747 564 2814 principe
584 2752 613 2799 et
632 2746 838 2800 Thelebonibus
859 2746 1002 2799 fulminata
1023 2750 1073 2799 est.
1112 2745 1218 2812 lupiter
1238 2750 1333 2798 tamen

184 2816 307 2882 pepercit
319 2814 370 2869 hiis
383 2833 436 2885 que
452 2817 657 2885 hospitauerant
674 2816 771 2885 ipsum.
784 2833 819 2870 ex
831 2833 885 2869 una
897 2832 1015 2884 quorum
1030 2812 1087 2885 (sic)
1101 2814 1231 2868 dexithoe
1244 2816 1333 2868 minos

184 2887 348 2939 cuxancium
364 2888 467 2953 genuit.
584 2885 732 2958 Domonis]
746 2889 818 2941 Num
832 2887 984 2940 Damnonis
1000 2886 1065 2954 qnod
1078 2904 1166 2939 nomen
1178 2905 1196 2938 a
1208 2886 1332 2940 Damna-

184 2975 266 3010 meneo
272 2957 379 3026 pendere
392 2959 521 3011 conicias?
539 2960 745 3012 Damnameneus
758 2978 822 3012 unas
834 2959 975 3011 Telchinum
990 2956 1084 3026 (Schol.
1097 2957 1149 3025 Ap.
1162 2956 1195 3008 R.
1208 2958 1230 3009 1.
1243 2956 1330 3024 1129).

184 3029 226 3078 Sic
240 3029 309 3096 apud
319 3030 485 3082 Lactantiam
496 3029 583 3085 Narr.
596 3031 658 3083 Fab.
673 3031 717 3083 IV.
731 3047 745 3095 9
760 3029 847 3082 Celmi
867 3034 897 3081 et
914 3026 1074 3079 adamantis
1091 3028 1214 3095 striatam
1231 3038 1269 3080 est
1282 3039 1332 3096 pro

184 3097 273 3150 Celmi
291 3103 321 3151 et
340 3098 549 3154 Damnamenei.
619 3096 796 3168 inuitauerat]
810 3098 1001 3152 mutaueratC
1017 3105 1021 3112 “
1068 3097 1252 3149 incitauerant
1264 3099 1332 3152 Ask.

180 3167 340 3235 ipsumam.
359 3170 425 3224 Ask.
514 3187 578 3223 usus
596 3174 674 3225 estP
761 3171 789 3223 in
807 3170 852 3224 uia
869 3172 893 3223 Ρ
980 3168 1053 3223 Nota
1071 3168 1213 3221 Telchinum
1231 3169 1331 3222 inuidia

183 3240 380 3294 curantiumP
489 3241 612 3294 cusantie
624 3245 648 3294 P
754 3240 930 3306 Eusantium,
943 3237 1113 3291 Euxantidae
1130 3239 1221 3306 scripsi
1233 3249 1330 3293 secatus

183 3310 360 3364 Schneideram
372 3311 432 3364 Nic.
436 3313 482 3378 fr.
498 3314 556 3378 116,
569 3331 723 3380 quamquam
736 3313 776 3365 hic
787 3309 974 3364 Eusantiadae
981 3308 1114 3380 praetulit.
1141 3309 1260 3361 Historia
1270 3327 1332 3363 acra

184 3381 292 3448 uidetur,
314 3401 468 3450 quamquam
491 3383 558 3437 inter
579 3384 694 3436 Teleboas
717 3393 742 3436 et
761 3384 891 3437 Telchinas
910 3383 975 3434 mire
989 3380 1134 3447 fluctuans.
1169 3379 1256 3433 Strab.
1279 3381 1331 3445 ⁶54

182 3450 301 3538 c'rqallsiro
314 3450 427 3538 τ’χῬόδος
446 3491 453 3506 .
465 3491 481 3543 s'
500 3491 508 3507 .
525 3453 650 3522 Τελχινίς,
658 3453 709 3542 aad
721 3457 772 3506 τῶν
783 3449 939 3541 (χῖχχσάντων
950 3451 1081 3535 Τελχίνων
1092 3448 1295 3572 &rufinensis
1306 3450 1332 3503 ol

183 3521 1331 3664 tittitillationi·tllttittltittttttttlsimitillani

182 3663 358 3730 βασκανθῆναι
377 3665 418 3717 nal
435 3666 480 3732 τῆς
498 3665 647 3736 δυσφημίας
664 3667 752 3734 τυχεῖν
769 3664 871 3732 ταύτης.
906 3663 984 3717 Diod.
1002 3664 1031 3716 V.
1046 3678 1089 3728 55,
1101 3661 1186 3714 Nann.
1200 3661 1273 3715 XIV.
1289 3663 1331 3729 36,

183 3734 272 3786 Zenob.
286 3735 355 3788 Cent.
373 3736 401 3788 V.
416 3753 458 3802 41,
475 3737 544 3789 Snid.
556 3755 577 3788 s.
585 3755 610 3789 u.
626 3737 748 3806 Τελχῖνες
759 3746 783 3789 et
796 3733 900 3805 odyss.
936 3734 1083 3787 Eusantias
1094 3742 1174 3802 pater
1190 3733 1331 3787 Dexithcae

184 3817 394 3859 commemoratur
418 3807 452 3860 ab
470 3807 588 3876 Apollod.
606 3809 658 3860 ΙΙΙ.
680 3824 691 3858 1
711 3817 738 3860 et
757 3817 890 3874 tamquam
909 3805 994 3859 Mileti
1014 3806 1116 3874 genitor
1136 3823 1154 3856 a
1176 3805 1258 3858 Sahal.
1276 3806 1329 3874 Ap.

182 3874 215 3928 R.
228 3876 250 3929 Ι.
264 3878 322 3928 186.
360 3877 419 3930 Vide
432 3878 463 3931 0.
475 3878 650 3930 Schncidcram
663 3878 700 3931 ad
710 3877 820 3930 Nicand.
823 3880 869 3943 fr.
882 3878 940 3941 116,
953 3877 995 3943 qai
1007 3877 1030 3927 si
1041 3876 1141 3944 cognita
1153 3875 1257 3928 haberet
1267 3894 1330 3943 qaae

182 3965 226 4013 ego
237 3966 269 3998 cx
278 3947 355 3999 Mure
365 3948 431 4001 edidi
441 3948 593 4000 Desithone
602 3949 670 4002 illud
676 3951 702 4001 in
713 3948 783 4000 Sala.
793 3949 885 4000 scholia
894 3950 921 4000 in
931 3945 1078 4009 DexithOe‚
1089 3947 1172 3998 nonin
1183 3944 1329 4010 Dexithea,

183 4027 328 4070 mutaturus
332 4019 435 4083 suerat.
466 4019 647 4073 Commentarii
655 4021 707 4073 loco
716 4019 861 4072 adscribam
872 4018 950 4072 acrba
961 4017 1074 4070 Lobcckii
1084 4016 1158 4085 Agla
1187 4017 1213 4068 h.
1219 4028 1246 4084 p.
1259 4018 1326 4067 1186

183 4086 358 4140 ‘Accedebat
382 4089 456 4157 quod
481 4089 609 4158 Panyasis
630 4089 752 4156 tradidit,
774 4088 875 4157 Lyciae
894 4087 984 4155 gentis
1005 4091 1148 4140 auctorem
1202 4086 1328 4139 remilum

183 4157 271 4226 Ogygi
291 4158 371 4211 filiam
391 4160 562 4213 Praxidicam
581 4161 608 4212 in
626 4159 802 4213 matrimonio
819 4158 952 4212 habuisse.
967 4158 1061 4226 Steph.
1075 4173 1097 4210 s.
1109 4157 1231 4227 Tpspduy.
1267 4156 1329 4208 Vna

182 4227 256 4280 enim
273 4228 477 4283 Praxidicarum
495 4231 649 4285 Thelxinea
667 4229 819 4284 uocabatur
834 4230 908 4282 Suid.
927 4243 1016 4297 neque
1035 4226 1193 4280 incredibile
1208 4227 1328 4292 uidetur,

181 4296 260 4351 huius
279 4316 390 4368 quoque
406 4302 523 4353 nominis
540 4302 716 4354 similitudine
730 4301 874 4354 Zenonem
892 4299 937 4353 uel
955 4299 1111 4366 quicunque
1129 4295 1205 4348 istius
1220 4296 1327 4350 fabulae

181 4374 287 4436 auctor,
300 4371 334 4423 ad
345 4370 493 4424 Telchinas
504 4372 626 4426 Rhodios
638 4373 796 4426 traductum
809 4387 876 4438 esse,
886 4386 1004 4438 quorum
1016 4370 1044 4421 in
1057 4382 1172 4420 numero
1185 4366 1326 4421 ferebatur

181 4438 291 4507 Lycus!
317 4443 423 4495 Pariter
433 4445 499 4498 enim
509 4445 640 4500 Dexionae
652 4442 692 4499 ael
698 4444 841 4497 Dexithaae
852 4460 938 4495 nomen
949 4441 987 4494 ad
996 4440 1127 4494 Telchinas
1138 4435 1327 4493 transtulerunt

181 4520 315 4580 tamquam
327 4513 458 4568 Thelxinoe
468 4525 541 4571 esset.

716 4598 776 4649 Ga
