3038 5010
654 392 699 452 IN
722 392 817 452 IBIN.
1269 397 1306 452 95

156 554 238 614 lilius
253 553 382 614 Glaucus
403 571 455 631 per
470 549 627 630 quamdam
647 550 711 608 her·
751 551 782 608 in
805 549 925 608 herbam
948 559 976 608 et
1000 550 1070 608 tacti
1095 550 1132 608 ab
1152 549 1243 608 herba
1262 568 1306 608 re·

156 638 225 695 bam
244 638 277 701 ,in
300 637 413 712 piscem
435 644 562 693 mutatus
587 633 617 690 in
639 632 711 690 mari
753 632 882 690 silierunt
905 631 934 688 in
956 648 1043 702 mare,
1064 632 1142 690 unde
1162 631 1307 691 admirans

155 717 284 795 prosiliit.
329 716 366 776 G.
431 725 435 730 '
752 714 814 770 uim
834 713 908 770 illius
928 711 1036 771 herbae
1057 713 1150 789 tetigit
1166 713 1260 788 ipsam
1278 723 1307 772 et

156 837 158 843 ι
752 794 782 853 in
797 813 876 853 mare
893 794 1032 869 prosiluit.
1075 794 1200 854 Ouidius
1215 794 1305 853 Meta.

200 975 268 1037 557.
290 960 405 1036 thue
440 958 575 1017 duobus
608 955 711 1016 idem.
794 957 923 1029 Quidam
973 956 1119 1017 Cretensis
1170 957 1304 1017 inuitauit

89 1034 93 1040 ⁴
157 1041 275 1102 Tertius
290 1041 419 1100 Glaucus
434 1059 451 1099 a
465 1039 595 1116 quodam
614 1039 712 1097 uicino
754 1037 898 1100 Glaucum
913 1039 1030 1101 inolem
1048 1039 1086 1098 ad
1106 1041 1260 1115 prandium
1279 1049 1308 1098 et

157 1143 212 1183 suo
224 1124 262 1182 ad
273 1124 440 1183 conuiuium
449 1122 584 1180 inuitatus
595 1137 711 1178 ueneno
753 1121 833 1179 dedit
860 1121 898 1178 illi
926 1139 1071 1178 uenenum
1106 1121 1205 1180 bibere
1239 1139 1307 1180 cum

158 1205 236 1264 melli
250 1206 341 1263 mixto
358 1205 470 1263 interiit.
516 1204 552 1263 G.
752 1202 846 1274 melle,
864 1212 893 1261 et
914 1203 953 1260 ita
976 1203 1135 1261 suffocatus
1156 1215 1208 1262 est.
1242 1201 1310 1261 Cet

752 1282 823 1342 Ask.

200 1366 328 1426 Glaucus
350 1367 478 1443 piscator
496 1364 624 1440 optimus
640 1363 676 1422 de
695 1365 767 1423 urbe
785 1363 970 1435 Anthedone,
985 1365 1147 1424 secundum
1161 1365 1306 1441 quosdam

158 1449 234 1508 filius
250 1449 367 1519 Minois,
387 1449 483 1523 pisces
502 1449 533 1503 in
552 1447 618 1503 litus
638 1445 767 1521 proiecit,
782 1446 832 1522 qui
846 1445 1000 1504 herbarum
1023 1456 1101 1505 tactu
1122 1449 1305 1505 reuixerunt:

159 1548 219 1608 quo
233 1532 298 1588 uiso
314 1530 451 1599 Glaucus,
466 1528 589 1587 credens
603 1526 683 1603 quod
702 1537 824 1602 gustans
838 1527 891 1586 has
908 1527 1015 1586 herbas
1029 1528 1110 1586 fieret
1124 1528 1305 1599 immortalis,

159 1613 295 1688 gustauit,
320 1621 349 1669 et
374 1611 469 1669 statim
497 1609 638 1667 alienatus
667 1626 698 1666 se
726 1609 756 1666 in
785 1626 863 1666 mare
890 1610 1107 1685 praecipitauit:
1141 1611 1189 1667 ubi
1214 1609 1308 1669 factus

158 1695 288 1750 marinus
312 1693 383 1750 deus
408 1691 460 1748 luit
485 1700 596 1748 amatus
625 1708 642 1747 a
667 1689 760 1762 Circe,
786 1691 839 1749 sed
862 1690 925 1765 ipse
950 1691 1016 1765 plus
1046 1689 1162 1749 Scillam
1190 1693 1305 1750 amauit.

160 1774 290 1834 Glaucus
318 1775 388 1831 alter
415 1791 433 1832 a
458 1772 558 1830 uicino
586 1771 722 1829 inuitatus
750 1789 866 1830 ueneno
892 1790 959 1829 cum
983 1771 1067 1829 melle
1096 1773 1186 1830 mixto
1215 1774 1307 1831 bibito
1414 1790 1418 1797 ’

159 1855 276 1931 lingitur
291 1856 417 1931 periisse.
461 1852 590 1912 Glaucus
604 1854 692 1910 etiam
711 1853 809 1911 tersius
825 1852 861 1911 de
878 1854 949 1911 urbe
964 1852 1068 1911 Potnia
1087 1872 1169 1912 sacra
1183 1853 1306 1913 Veneris

160 1937 286 2013 spreuit:
309 1935 386 1994 unde
413 1935 460 1993 illa
484 1936 556 1993 irata
580 1935 710 2009 equabus
731 1952 805 2009 quas
829 1935 973 2011 equitabat
995 1935 1103 1994 inmisit
1124 1935 1249 1994 furorem
1274 1937 1305 1993 in

159 2028 274 2077 tantum
288 2019 368 2093 quod
383 2018 479 2093 ipsum
494 2016 697 2074 dilacerabant.
739 2014 837 2074 Mure.
1142 2015 1144 2019 ’
1229 2020 1232 2024 “

204 2114 271 2174 559.
294 2099 524 2174 Sollicitoque
539 2098 644 2155 bibas.
674 2094 713 2167 Q.
796 2097 900 2156 Auitus
922 2096 1080 2172 discipulus
1095 2098 1221 2158 Socratis
1240 2097 1308 2157 eum

160 2180 189 2239 d.
212 2191 330 2239 coactus
354 2181 437 2238 bibas
461 2196 608 2237 uenenum
633 2176 713 2255 quod
755 2180 911 2251 accusauit,
943 2179 1022 2238 unde
1057 2179 1191 2240 Socrates
1230 2198 1309 2239 reus

163 2261 295 2320 Socrates
310 2262 382 2319 bibit
396 2272 510 2336 sponte.
554 2258 589 2318 G.
755 2258 851 2319 Aniti
872 2261 966 2320 dictus
987 2270 1039 2319 est.
1088 2262 1138 2337 qui
1159 2281 1305 2321 uenenum

755 2343 811 2400 sibi
832 2341 931 2400 datum
952 2344 1062 2401 cicutae
1082 2343 1153 2401 bibit
1175 2362 1245 2419 prae
1266 2345 1310 2401 in·

754 2423 1306 2501 IamiadeAlcibiadepuerosibidr'lccto

203 2585 252 2645 Sic
266 2596 419 2656 construe:
441 2586 552 2644 utinam
573 2585 672 2643 bibas
691 2585 761 2646 illud
776 2605 932 2657 uenenum,
946 2604 968 2646 s.
984 2587 1103 2658 cicutae,
1119 2587 1211 2665 quod
1231 2588 1306 2647 doc·

160 2669 327 2740 tissimus,
349 2669 367 2726 i.
391 2668 533 2740 Socrates,
562 2683 640 2727 reus
667 2666 763 2727 Aniti
792 2668 874 2727 olim
899 2669 1005 2728 bibit:
1040 2667 1108 2727 dico
1137 2670 1237 2729 bibas
1265 2671 1307 2730 sic

162 2748 315 2808 sollicito
336 2767 395 2808 ore
415 2751 524 2808 ueluti
544 2750 607 2825 ipse
625 2747 759 2809 Socrates
781 2749 868 2809 bibit
888 2750 1138 2828 imperturbato
1155 2768 1224 2824 ore,
1239 2752 1309 2828 quia

161 2849 223 2890 non
237 2831 331 2889 timuit
345 2842 373 2890 et
387 2831 458 2889 nihil
472 2832 570 2890 nocuit
585 2832 619 2889 ei.
670 2830 704 2890 C.

204 2914 272 2985 561.
294 2912 367 2970 Nec
387 2913 450 2971 tibi
468 2913 497 2971 si
512 2914 593 2989 quid
613 2932 714 2972 amas.
796 2911 917 2970 Haemo
936 2930 1005 2970 cum
1019 2912 1125 2976 †filiam
1141 2911 1310 2989 Rhodopen

162 2991 303 3052 Haemon
320 3012 386 3052 curn
407 3012 506 3061 sorore
519 3012 587 3070 prae
602 2996 715 3071 pudore
755 2996 875 3070 turpiter
884 3003 1128 3069 amaret,uterque
1137 2995 1167 3052 in
1175 3005 1308 3053 montem

109 3081 111 3085 ‘
162 3075 254 3150 periit.
296 3075 341 3133 vel
359 3076 446 3146 aliter,
460 3094 536 3134 uxor
550 3075 715 3135 Haemonis
757 3076 801 3134 sui
818 3075 946 3134 nominis
967 3075 1110 3134 obduruit
1159 3075 1225 3136 Cod.
1240 3074 1309 3135 Sal-

162 3156 255 3232 prima
269 3166 355 3215 nocte
370 3167 484 3216 mortua
498 3157 566 3234 quia
580 3159 716 3216 omnibus
757 3157 867 3234 uagari.

200 3310 260 3373 556.
277 3306 371 3360 metha
383 3310 406 3362 G
439 3309 503 3365 Met.
516 3311 595 3364 XIII.
611 3327 662 3376 904
675 3329 727 3380 sqq.

200 3393 260 3444 557.
278 3378 388 3442 †uolem
398 3382 442 3432 An
453 3380 592 3434 nobilem?
620 3379 890 3449 quendamglaucum
900 3378 1011 3432 nomine
1021 3380 1086 3434 Ask.
1149 3378 1309 3434 anchedone

164 3450 241 3503 Mure
309 3449 386 3501 littus
404 3451 482 3503 Mure
517 3452 590 3520 Quod
602 3453 754 3505 scholiastae
769 3451 894 3505 Glaucum
913 3469 1002 3504 ueneno
1016 3451 1088 3504 melli
1104 3453 1185 3504 mlxto
1202 3452 1310 3505 tradunt

163 3522 296 3586 interiisse,
308 3521 457 3587 conferenda
474 3533 534 3574 suat
551 3541 613 3590 quae
630 3523 660 3575 de
677 3543 704 3576 eo
721 3524 782 3575 dicit
800 3522 973 3590 Palaephatus
991 3523 1021 3574 de
1037 3521 1131 3575 Incred.
1147 3536 1179 3585 ιη
1196 3524 1310 3577 Phaistos

163 3591 229 3645 πιὼν
238 3588 297 3659 μίλι
308 3590 436 3660 ἐταράχθη
446 3590 490 3658 τὴν
498 3593 606 3645 κοιλίαν·
618 3594 699 3662 χολῆς
708 3593 737 3645 δὲ
745 3593 812 3662 αὐτῷ
819 3591 939 3646 πλείονος
948 3592 1090 3659 κινηθείσης
1098 3591 1309 3659 ίλειποθύμησεν.

164 3661 235 3714 Haec
246 3664 320 3726 enim,
333 3680 486 3729 quamquam
499 3664 634 3731 uulgatam
646 3663 675 3716 dc
689 3662 784 3718 Glauco
792 3662 917 3729 fabulam
929 3665 955 3715 in
968 3665 1128 3715 uerisimilius
1141 3665 1310 3732 interpretan-

163 3742 216 3798 tur,
224 3744 273 3801 pro
285 3734 341 3800 ipsa
344 3732 444 3799 fabula
454 3744 571 3801 poterant
583 3736 739 3787 innotescere.
784 3734 906 3802 pothnya
919 3734 996 3786 Mure
1030 3733 1187 3786 imtamtum
1200 3736 1284 3789 Mure.

122 3838 127 3851 .
202 3818 261 3867 559.
279 3804 334 3856 lae.
358 3803 443 3871 Quasi
464 3802 538 3855 dicat
613 3806 737 3857 Sacrates
756 3806 780 3858 G
849 3807 935 3857 Paria
953 3824 1009 3858 cum
1028 3804 1141 3858 Chabet
1159 3806 1236 3858 Mure
1252 3825 1273 3860 s.
1285 3825 1308 3860 u.

166 3873 292 3925 Socrates
389 3875 529 3927 AnetusC
615 3875 725 3929 anetiG
811 3876 941 3928 secuteC
1026 3876 1112 3943 prot)
1193 3874 1308 3944 dilecto]

166 3943 304 3997 iniuctoC
373 3945 520 4013 Discipulos
536 3945 648 3999 Socratis
662 3947 761 4013 Anytus
779 3965 827 4000 non
836 3947 913 4012 suit,·
930 3946 974 3999 sed
989 3947 1130 4015 disputanti
1143 3948 1243 4000 Socrati
1260 3950 1309 4001 ad·

161 4015 244 4078 fuisse
263 4015 345 4080 Arati
365 4015 449 4080 filium
470 4016 531 4068 dicit
552 4019 661 4085 scriptor
681 4018 871 4086 Xenophonteae
892 4018 968 4085 Apol.
991 4018 1044 4071 Soc.
1066 4034 1108 4082 νη,
1132 4035 1173 4082 30.
1196 4019 1268 4087 Quae
1289 4019 1312 4072 G

165 4084 237 4138 addit
255 4085 285 4138 de
296 4084 444 4153 Alcibiade,
464 4087 543 4139 nescio
560 4105 595 4140 an
613 4108 644 4140 ex
662 4090 764 4156 antiquo
774 4090 850 4154 fonte
867 4088 986 4141 deriuata
1007 4088 1067 4152 sint,
1087 4088 1128 4141 ubi
1146 4090 1258 4143 traditus
1276 4091 1311 4142 sit

166 4156 280 4208 Socrates
299 4174 355 4208 cum
373 4158 458 4221 Anyto
475 4159 514 4209 ita
532 4159 673 4211 coniunctus
684 4160 772 4224 fuisse
791 4170 819 4212 ut
838 4169 938 4226 uterque
955 4156 1097 4212 Alcibiadis
1121 4170 1225 4213 amator
1248 4171 1311 4215 esset

167 4224 260 4294 (Schol.
273 4227 346 4280 Plat.
359 4227 434 4295 Apol.
448 4228 517 4281 Socr.
524 4239 552 4296 p.
567 4233 608 4293 28,
621 4229 691 4283 Plut.
701 4231 823 4283 Amator.
836 4227 909 4296 762).

203 4299 262 4361 561.
282 4299 406 4350 Incestum
425 4297 561 4351 Haemonis
582 4301 647 4367 quod
663 4300 703 4352 hic
722 4310 835 4353 narrant
855 4300 879 4352 G
898 4309 922 4352 et
944 4301 995 4352 cod.
1014 4298 1149 4368 Saluagnii
1165 4300 1196 4351 de
1212 4300 1311 4352 Haemo

159 4378 261 4422 narrat
273 4368 430 4421 Plutarchus
446 4368 475 4421 de
488 4369 584 4422 Flauiis
599 4371 651 4424 XI.
667 4370 831 4439 παράκεινται
849 4367 872 4421 δ’
890 4369 957 4441 αὐτῷ
972 4367 1019 4439 ὄρη
1035 4367 1143 4437 Ῥοδόπη
1163 4370 1201 4422 καί
1221 4365 1310 4432 Aluos·

166 4436 236 4491 οὗτοι
251 4436 363 4507 ἀδελφοὶ
378 4439 547 4508 τυγχάνοντες
566 4440 607 4493 καὶ
624 4439 661 4495 τίς
676 4439 811 4509 ἐπιθυμίαν
827 4437 949 4507 ἀλλήλων
963 4439 1154 4506 ipsissimas
1170 4439 1217 4506 μὲν
1233 4438 1312 4507 αὐτὴν

159 4503 248 4577 Ἦραν
256 4509 476 4579 προσηγόρευσεν,
487 4507 502 4577 ἡ
512 4509 540 4562 δι’
551 4512 596 4564 τὸν
608 4509 774 4581 ἀγαπώμενον
783 4509 842 4564 Δία.
860 4510 884 4563 ol
893 4507 916 4562 δ’
924 4507 1088 4580 ἀτιμούμενοι
1096 4509 1152 4564 θεοὶ
1162 4509 1208 4576 τὴν
1216 4510 1311 4578 πρᾶξιν
