3038 5010
217 375 254 429 74
702 371 882 432 SCHOLlA

248 548 327 601 .411.
350 528 514 606 Quaeque
539 528 645 588 Ceres
668 527 767 586 uidit.

216 609 263 669 De
291 609 430 670 Cercione
458 611 507 685 qui
535 609 768 669 sestaEleusina

218 691 316 751 Cereri
331 691 463 750 facienda
476 692 651 768 inpediebat.
697 690 733 749 G.

259 772 393 842 Cercion,
408 783 440 832 ut
455 772 598 832 Isocrates
613 772 717 842 scribit,
733 789 821 848 quum
838 771 916 847 apud
930 769 1071 847 templum
1087 769 1198 831 Cereris
1209 771 1364 831 Eleusinae

217 855 386 930 peregrinos
407 864 524 913 necaret
545 872 563 912 a
584 853 704 912 Theseo
725 854 840 912 occisus
861 863 913 924 est,
934 864 966 910 ut
988 850 1111 911 Ouidius
1132 854 1219 912 etiam
1240 857 1270 910 in
1293 854 1364 912 hlet.

219 933 308 1016 [VII.
324 931 398 1016 439]
417 935 606 1011 Cercyonis
626 935 730 993 letum
750 935 833 994 uidit
847 934 1001 993 Cerealis
1018 934 1174 993 Eleusin.
1216 934 1296 1011 Ergo
1315 937 1365 1011 qui

221 1016 364 1091 Geryonea
380 1017 507 1075 scribunt
521 1017 664 1077 falluntur.
695 1015 773 1074 Nam
785 1015 936 1092 Geryones
946 1016 994 1074 uel
1003 1014 1122 1092 Geryon
1137 1016 1182 1074 uel
1192 1015 1365 1092 Geryoneus

218 1116 280 1156 non
294 1117 312 1157 a
326 1098 445 1157 Theseo
458 1098 510 1156 sed
524 1099 562 1156 ab
572 1096 702 1156 Hercule
716 1097 881 1156 interfectus
896 1106 939 1154 est
954 1098 1131 1171 tergeminus
1145 1097 1243 1168 homo,
1255 1115 1310 1156 nec
1321 1108 1365 1156 est

217 1181 333 1238 occisus
352 1179 431 1254 apud
445 1178 582 1238 Cererem
597 1179 764 1238 Eleusiuam
784 1179 836 1238 sed
853 1179 883 1235 in
898 1178 1027 1236 Hiberia.
1072 1177 1140 1237 Cael.
1156 1181 1193 1253 36
1209 1177 1369 1237 Semz'aarr'z'

216 1262 365 1320 Palauriu'.

260 1359 327 1415 4¹5·
348 1341 470 1413 Qualis
486 1341 767 1401 Achaemenides.
850 1340 950 1399 Vlixes
965 1339 1138 1416 Poliphemo
1156 1349 1256 1416 erepto
1277 1342 1363 1400 oculo

219 1421 331 1481 Notum
345 1435 388 1482 est
403 1424 522 1499 qualiter
533 1423 769 1483 Achaemeniden
809 1422 923 1498 fugiens
939 1421 1174 1481 Achaemeniden
1189 1423 1227 1479 ibi
1242 1423 1363 1499 reliquit,

218 1503 366 1563 Graecum
388 1505 511 1563 Troiani
535 1506 566 1563 in
588 1505 656 1563 naui
678 1505 768 1564 admi-
810 1505 859 1580 qui
887 1503 979 1561 latens
1006 1522 1061 1562 nec
1087 1513 1206 1578 propter
1230 1504 1365 1579 Poliphe-

218 1598 325 1647 serunt.
370 1585 408 1646 G.
812 1603 894 1643 mum
911 1585 1022 1643 audens
1043 1585 1163 1652 moueri,
1178 1603 1271 1660 paene
1289 1585 1365 1642 fame

813 1667 896 1743 periit
905 1675 933 1724 et
942 1665 1046 1741 frigore
1058 1667 1112 1724 nisi
1123 1667 1237 1724 Aeneas
1249 1685 1265 1724 a
1276 1666 1366 1725 Troia

811 1748 927 1823 fugiens
938 1766 1005 1805 eum
1017 1749 1164 1824 exciperet
1173 1757 1245 1806 teste
1255 1747 1365 1806 Ouidio

812 1829 920 1888 Metaon
935 1827 1002 1908 (xiv.
1021 1831 1077 1887 160
1092 1826 1168 1907 sqq.)
1214 1828 1248 1887 C.

260 1927 328 1990 417.
349 1912 536 1972 binominis
551 1911 606 1971 lsi.
648 1912 712 1970 Irus
727 1929 828 1970 seruus
842 1910 936 1969 Vlixis
950 1910 1019 1970 fuit:
1042 1911 1091 1988 qui
1106 1910 1184 1987 apud
1200 1910 1366 1981 Homerum

218 1995 354 2055 Amaeus
372 1997 466 2054 dictus
480 2004 532 2053 est.
577 1993 614 2053 G.

225 2162 228 2167 '
254 2169 315 2217 411.
334 2152 492 2205 GerioueG
571 2151 641 2204 Idem
658 2169 733 2203 error
750 2149 848 2218 langius
866 2152 958 2218 serpsit
975 2151 1002 2203 in
1019 2150 1081 2203 Cet
1098 2150 1163 2203 Ask.
1180 2150 1277 2204 Chaec
1292 2148 1367 2201 habet

219 2223 329 2275 Gereou
342 2223 479 2288 tricorpor
490 2221 640 2289 inhispania
651 2236 763 2273 acerere
772 2221 836 2273 odio
848 2219 1002 2273 habebatur
1015 2221 1059 2273 uel
1069 2221 1133 2288 quia
1145 2221 1224 2273 nimis
1237 2221 1271 2272 de
1281 2219 1366 2284 frugi-

218 2293 269 2346 bus
287 2292 467 2346 consumebat
485 2292 529 2345 uel
547 2293 612 2359 quia
629 2291 700 2344 cube
716 2291 793 2343 usina
813 2291 842 2359 (l.
861 2291 992 2359 eleusina)
1013 2290 1082 2343 festa
1100 2291 1182 2357 ipsius
1201 2289 1367 2357 impediebat

218 2363 292 2416 unde
304 2363 360 2416 leto
372 2363 451 2415 uultu
463 2363 533 2414 uidit
550 2363 637 2430 ipsum
654 2379 670 2414 a
682 2362 778 2415 theseo
795 2361 1017 2414 interfectionem
1032 2362 1061 2430 (l.
1075 2360 1265 2428 interfectum)
1279 2361 1365 2413 eadem

218 2454 263 2502 que
276 2436 340 2487 Ask.
352 2434 397 2487 sed
406 2434 578 2486 emendatiora
659 2431 804 2501 Isocrates]
818 2434 938 2502 respicere
949 2433 1049 2486 uidetur
1058 2430 1165 2500 Ἑλένης
1177 2431 1319 2502 Ἐγκώμιον
1334 2447 1365 2494 32

219 2504 261 2557 ubi
273 2517 357 2558 tamen
370 2506 435 2558 nihil
446 2506 477 2557 de
488 2504 578 2572 templo
591 2504 688 2557 Cereris
700 2504 844 2557 Eleusinae.

255 2592 316 2639 415.
334 2575 543 2628 achimenideG
623 2573 858 2626 achimenidemC
935 2572 1089 2627 audiensC.

256 2661 315 2710 417.
335 2649 397 2698 Post
408 2645 460 2697 fuit
473 2646 546 2698 addit
560 2646 584 2698 G
601 2659 635 2697 eo
648 2661 664 2698 a
677 2644 764 2696 Troia
780 2659 892 2697 reuerso
910 2651 1056 2696 excecatus
1074 2649 1116 2696 est
1133 2649 1162 2696 et
1175 2649 1288 2711 pontem
1302 2659 1367 2697 cum

221 2717 280 2769 aliis
298 2715 470 2769 custodiebat
489 2716 645 2783 petentibus
664 2714 839 2767 elemosinam
857 2731 874 2766 a
892 2714 1103 2767 transeuntibus.
1141 2731 1210 2784 quos
1227 2730 1323 2767 ornnes
1339 2716 1366 2766 in

220 2803 318 2855 aquam
337 2787 453 2854 proiecit
476 2789 534 2838 siue
555 2785 654 2838 darent
671 2785 729 2837 siue
747 2801 802 2837 uou
820 2785 934 2838 darent:
960 2804 1022 2852 quae
1040 2788 1120 2839 omisi.
1157 2787 1229 2855 Quae
1240 2786 1368 2838 habentG

222 2860 286 2911 Ask.
299 2860 376 2910 Mure
388 2859 415 2910 in
427 2867 525 2910 textum
538 2877 586 2910 non
599 2858 686 2926 recepi,
698 2859 758 2924 quia
770 2859 855 2925 inepta
866 2857 1024 2910 uidebantur.
1112 2858 1176 2910 Sunt
1187 2859 1267 2910 haec:

502 2929 580 2980 Mure
1039 2928 1133 2981 CAsk.

255 2999 368 3052 Ariston
392 2995 469 3068 (-ten
491 2998 578 3065 Mure)
603 2996 657 3049 fuit
679 3012 775 3049 seruus
842 2995 1369 3065 IrusseruusulixisipsoreuersoaTroia

220 3070 307 3135 ulixis,
326 3069 403 3121 cuius
421 3068 512 3120 fabula
533 3068 593 3120 talis
615 3074 665 3120 est.
711 3083 775 3136 yrus
813 3067 958 3120 abeodem
974 3073 1119 3121 excecatus
1132 3074 1181 3122 est.
1221 3069 1275 3120 Sed
1286 3068 1367 3120 bino-

220 3157 316 3193 seruus
339 3154 387 3192 seu
412 3154 506 3191 scurra
526 3154 575 3193 seu
599 3138 724 3191 abiectus
746 3144 775 3190 et
813 3139 899 3191 mium
909 3137 955 3207 (sic
965 3137 1066 3207 CAsk.)
1076 3155 1139 3191 eum
1149 3139 1295 3206 appellauit
1304 3139 1368 3206 quia

221 3227 304 3277 egens
323 3210 402 3262 ulixis
426 3209 562 3262 binomius
583 3209 655 3277 apud
680 3209 775 3261 home·
814 3210 887 3261 idem
895 3209 1010 3262 Articon
1023 3208 1366 3278 (om.Ask.‚numArnion?)

221 3298 291 3335 rum.
332 3280 459 3348 Namque
477 3282 580 3332 ariston
598 3280 655 3332 siue
673 3296 776 3346 argeon
814 3279 915 3332 dicitur
923 3279 995 3347 apud
1006 3280 1173 3333 Homerum:
1186 3280 1231 3333 uel
1239 3281 1302 3347 quia
1312 3280 1368 3332 duo

221 3353 279 3405 siue
297 3352 420 3403 arimeon
439 3350 549 3416 dicitur,
561 3351 596 3402 ab
613 3367 647 3403 eo
662 3366 776 3403 reuerso
813 3350 926 3403 fuerunt
952 3350 998 3415 lri,
1023 3352 1093 3403 alter
1116 3352 1224 3403 Arneus
1251 3351 1368 3420 (Argeus

222 3439 238 3475 a
263 3423 350 3474 Troia
374 3437 438 3473 cum
467 3420 561 3473 multis
585 3420 776 3489 dissipantibus
814 3421 858 3474 uel
880 3422 981 3487 Algeus
1006 3420 1040 3488 C)
1064 3421 1098 3474 ab
1123 3421 1196 3474 ulixe
1221 3427 1368 3473 excecatus

222 3493 296 3546 bona
307 3509 355 3544 sua
363 3491 521 3544 exoculatus
531 3497 583 3545 est.
616 3507 680 3559 yrus
692 3492 776 3544 etiam
813 3491 947 3560 (Argiuus
956 3492 990 3544 ab
1003 3492 1124 3544 Hercule
1134 3506 1194 3545 exc.
1202 3490 1291 3560 Asa),
1299 3491 1369 3544 alter

222 3580 286 3616 cum
305 3563 397 3615 multis
413 3562 485 3614 cecis
503 3568 532 3613 et
548 3562 648 3614 mancis
666 3562 776 3630 (mansis
814 3562 958 3614 bistonius
972 3562 1120 3631 (bisconius
1145 3561 1183 3632 C)
1208 3578 1291 3630 quem
1316 3578 1368 3629 pro

222 3631 311 3700 Mure)
334 3648 480 3701 proseucas
502 3632 529 3684 in
549 3632 669 3700 quodam
690 3638 776 3700 ponte
810 3631 892 3685 furto
918 3633 1026 3686 iudices
1059 3638 1270 3686 excecauerunt.
1317 3633 1368 3686 Vel

222 3703 327 3756 habuit.
359 3703 432 3754 unde
445 3701 482 3754 illi
495 3718 591 3755 omnes
603 3708 777 3755 transeuntes
815 3703 950 3756 binomius
965 3703 1067 3756 dicitur
1082 3710 1196 3772 propter
1212 3703 1368 3772 oppositum

222 3790 271 3826 seu
289 3775 388 3826 darent
406 3773 583 3825 eleemosinas
602 3773 778 3841 (elemozinas
817 3772 958 3842 (Ouidium
984 3773 1060 3842 Asi.)
1091 3775 1155 3843 quia
1183 3774 1284 3827 dicitur
1309 3773 1368 3843 (qui

223 3843 311 3911 Mure)
331 3845 388 3896 siue
406 3858 462 3894 non
483 3844 510 3893 in
528 3843 640 3896 fluuium
659 3844 777 3911 precipi-
815 3843 892 3897 dedit
907 3843 940 3913 G)
966 3843 1038 3897 lr-us
1062 3861 1158 3912 egens
1182 3843 1257 3913 (Her.
1278 3845 1300 3898 l.
1320 3844 1366 3912 95)

222 3914 328 3967 tabant.
338 3912 384 3965 uel
396 3913 483 3977 aliter,
494 3914 627 3979 Gigantes
639 3913 777 3982 quendam
815 3920 844 3967 et
873 3915 912 3967 ita
934 3915 1006 3968 -lrus
1036 3920 1080 3968 est
1098 3931 1188 3968 unum
1213 3931 1314 3968 nomen
1340 3921 1368 3969 et

226 3989 339 4053 pontem
352 3983 485 4035 tenebant
497 3990 526 4036 et
536 3991 727 4051 pretereuntes
740 3985 777 4037 ibi
815 4002 914 4052 egens
926 3987 1008 4039 aliud.
1044 3986 1097 4038 Alii
1110 3986 1206 4039 dicunt
1218 3985 1294 4054 quod
1308 3986 1369 4039 lrus

224 4053 431 4123 precipitabant.
467 4054 542 4122 quod
560 4061 655 4122 postea
674 4055 723 4124 ipsi
742 4056 777 4108 ab
815 4072 897 4109 cecus
912 4057 939 4108 in
952 4063 1037 4124 ponte
1050 4058 1170 4126 quodam
1182 4057 1369 4111 eleemosinam

223 4125 281 4178 aliis
299 4125 368 4192 passi
386 4128 457 4179 suut
502 4124 603 4180 Similia
620 4129 698 4181 etiam
717 4147 739 4184 s.
752 4148 777 4182 u.
818 4127 908 4197 (elem.
921 4128 945 4181 C
956 4128 1029 4181 elim.
1042 4128 1119 4197 Ast.)
1133 4144 1149 4181 a
1165 4127 1370 4181 transeuntibus

226 4197 298 4248 Yrus
311 4198 434 4266 repetiuit.
512 4256 515 4263 ,
816 4198 942 4265 petebat;
967 4199 1135 4267 quicumque
1153 4199 1236 4251 dabat
1255 4197 1369 4267 (dabant

816 4267 849 4336 C)
887 4269 974 4335 ipsum
999 4269 1113 4322 dantem
1137 4269 1171 4322 de
1195 4274 1281 4337 ponte
1306 4284 1369 4336 pre-

816 4339 947 4405 cipitabat
960 4337 1091 4407 (petebat,
1101 4340 1148 4408 qui
1160 4340 1210 4393 sibi
1224 4339 1321 4392 dantes
1334 4341 1369 4392 de

816 4415 901 4477 ponte
913 4410 1110 4477 praecipitabat
1119 4411 1204 4481 Ask.).
1242 4409 1370 4464 Tandem

812 4481 873 4550 ipse
885 4480 1063 4550 precipitatus
1075 4487 1127 4534 est.
