3038 5010
636 414 682 474 IN
704 414 801 476 IBIN.
1253 423 1288 478 81
1375 418 1382 440 ⁸

141 575 272 654 Apollini
284 583 438 649 uouerunt,
449 574 633 636 Theodotum
645 594 698 636 no·
740 574 917 652 Liparaeum
957 574 1066 636 dictum
1101 574 1293 636 Theocritum

142 659 229 718 mine.
270 658 309 717 P.
738 659 825 717 morti
842 660 882 718 ob
902 658 1046 716 honorem
1067 657 1179 717 Phoebi
1201 658 1292 718 deuo-

738 750 850 799 uerunt.
878 738 969 799 Mure
981 759 1003 800 s.
1013 758 1041 800 u.
1056 738 1230 800 Theocritus
1243 739 1292 799 uel

739 819 918 881 Theodatus.
1272 880 1274 884 .

182 900 378 963 *Theodotus
400 909 487 978 poeta
506 901 568 974 fuit,
589 901 648 979 qui,
670 918 738 962 cum
766 902 883 962 liberius
904 902 935 961 in
957 898 1169 962 Mnesarchum
1190 919 1291 978 regem

139 981 311 1124 {empsisset
339 984 376 1043 ab
406 1000 443 1043 eo
471 982 625 1043 crudeliter
651 983 683 1042 in
705 983 851 1061 Apollinis
880 982 953 1044 aede
981 1000 1084 1044 caesus
1112 992 1163 1043 est
1222 982 1291 1046 Cod.

165 1084 232 1122 auo
252 1084 301 1124 nu.
521 1092 524 1096 ⁴

180 1085 329 1223 Intilligas
353 1145 390 1205 de
413 1144 572 1205 Theudoto
596 1163 665 1222 rege
689 1142 906 1206 Bactrianorum
929 1146 979 1223 qui
1000 1144 1122 1205 Phoebo
1147 1153 1291 1205 mactatus

139 1225 192 1285 fuit
220 1228 257 1285 ab
284 1229 390 1287 Arsace
417 1244 486 1302 rege
515 1226 696 1288 Parthorum.
746 1227 805 1287 Vol.
828 1226 900 1304 ch.
926 1229 1015 1300 2061,
1038 1227 1199 1303 scinilcicquc
1220 1227 1291 1286 Pac.

142 1326 228 1366 ιο.

162 1321 249 1466 74ἓ7.
271 1388 338 1449 Aut
355 1398 387 1449 te
403 1389 581 1449 deuoueat.
623 1388 694 1449 Mos
776 1390 956 1451 Callimacus
977 1388 1048 1450 dicit
1072 1389 1153 1466 quod
1174 1386 1292 1448 Abdera

140 1480 200 1530 erat
226 1472 258 1530 in
284 1470 403 1530 Abdera
430 1470 545 1531 ciuitate
573 1471 693 1547 sIngulis
734 1481 778 1531 est
806 1472 906 1532 ciuitas
929 1472 961 1530 in
983 1489 1041 1549 qua
1063 1469 1127 1530 talis
1149 1480 1193 1530 est
1215 1486 1290 1543 mos,

138 1551 223 1611 annis
236 1550 388 1611 hominem
401 1550 534 1611 inmolari
553 1570 607 1629 pro
625 1570 693 1629 pec·
735 1553 815 1631 quod
841 1571 902 1613 uno
931 1570 1049 1630 quoque
1083 1569 1163 1611 anno
1200 1561 1291 1612 totam

140 1633 212 1692 catis
239 1633 356 1705 ciuium,
381 1632 434 1693 sed
458 1633 538 1710 prius
566 1634 604 1692 vii
632 1634 693 1694 die·
733 1635 880 1694 ciuitatem
914 1634 1030 1711 publice
1058 1633 1225 1705 lustrabant,
1262 1641 1292 1692 et

138 1714 193 1773 bus
221 1715 467 1774 excommunicari
497 1723 530 1773 ut
560 1715 601 1774 sic
629 1733 692 1774 om-
733 1716 859 1792 aliquem
881 1715 989 1779 ciuium
1009 1731 1098 1791 quem
1121 1715 1153 1774 in
1174 1714 1223 1773 illa
1243 1712 1291 1773 die

138 1796 220 1855 nium
233 1805 354 1873 peccata
368 1797 447 1856 solus
461 1794 588 1856 haberet.
633 1795 669 1856 G.
732 1797 880 1856 habebant
900 1796 1040 1857 deuotum
1064 1813 1118 1875 pro
1146 1795 1290 1873 capitibus

735 1879 870 1938 omnium·
891 1877 1035 1956 lapidibus
1057 1876 1238 1938 occidebant.
1264 1875 1292 1936 C

733 1959 841 2020 clAsk.

179 2039 332 2100 Abderitae
347 2040 415 2100 dicti
436 2051 503 2101 sunt
524 2042 555 2101 in
569 2058 630 2102 uno
644 2059 763 2119 quoque
778 2039 1011 2100 annolustrasse
1027 2057 1058 2099 se
1072 2037 1197 2117 publice,
1216 2038 1290 2098 etin

138 2122 184 2182 his
199 2131 330 2200 emptum
345 2121 495 2182 hominem
509 2142 564 2200 pro
579 2123 721 2201 capitibus
736 2124 868 2183 omniurn
883 2120 1024 2182 deuotum
1044 2120 1189 2200 lapidibus
1211 2120 1290 2180 occi·
1399 2187 1408 2195 s

140 2202 257 2263 debant.
298 2204 337 2262 P.

180 2287 249 2360 469.
283 2285 352 2344 Aut
407 2285 504 2345 louis
559 2285 693 2346 infesti.
777 2287 952 2346 *Procustes
982 2281 1076 2367 [satus
1107 2278 1289 2366 Hipponoo]

143 2363 289 2425 *Demeus
304 2366 379 2425 lilius
390 2365 546 2443 Hipponoi
561 2378 590 2427 et
604 2368 694 2431 †Pac·
735 2377 781 2428 est
794 2367 961 2428 fulminatus
979 2384 997 2426 a
1011 2366 1083 2426 ioue
1103 2366 1170 2443 quia
1184 2365 1246 2443 ipse
1260 2375 1290 2424 et

140 2457 219 2506 tama
232 2457 315 2523 pater
328 2446 480 2507 Dexiones
494 2468 548 2526 pro
565 2449 694 2526 nequitia
735 2448 839 2508 Iouem
861 2446 1014 2525 negligens
1033 2447 1121 2507 filiam
1141 2464 1225 2506 suam
1245 2447 1290 2505 in·

140 2546 192 2588 sua
206 2546 223 2587 a
237 2528 282 2588 dis
296 2529 439 2587 fulminati
453 2540 528 2589 sunt.
574 2529 610 2590 G.
734 2531 892 2603 terfecerat,
922 2531 990 2607 quia
1016 2528 1121 2588 Iouem
1154 2546 1222 2588 cum
1251 2545 1289 2588 ea

181 2609 356 2670 *Procustes
410 2609 485 2669 filius
540 2611 692 2688 Hipponoi
734 2612 927 2673 concubuisse
979 2610 1116 2671 audierat.
1189 2617 1289 2687 pater

141 2688 307 2750 Teleboum
316 2691 453 2767 princeps
462 2692 545 2768 periit
553 2711 621 2752 cum
631 2702 693 2753 tota
734 2692 936 2765 Dexithoes,
959 2690 1098 2764 iAcrita,
1120 2689 1288 2751 fulminatus

140 2770 250 2831 familia
271 2771 438 2832 fulminatus
461 2784 584 2850 excepta
604 2774 693 2833 Dexi·
734 2783 779 2834 est
793 2792 811 2834 a
824 2773 897 2833 Ioue
911 2773 1015 2834 eadem
1030 2772 1067 2833 de
1082 2789 1179 2832 causa.
1225 2770 1290 2832 Cet

140 2853 208 2911 thoe
229 2870 247 2911 a
267 2870 326 2930 qua
346 2852 457 2930 Iupiter
478 2855 605 2932 quadam
628 2856 693 2915 uice
734 2855 804 2915 Asc.

141 2933 234 2992 fuerat
247 2934 419 3011 hospitatus.
450 2937 497 2995 uel
512 2936 599 3007 aliter,
611 2946 694 3012 pater
775 2935 951 2996 Telchinum
991 2934 1128 3013 princeps
1166 2932 1289 2994 fulmine

140 3013 311 3086 Dexitlcoes
342 3015 374 3074 id·
404 3024 447 3075 est
474 3021 570 3095 ipaua
594 3023 694 3081 curtat
734 3019 819 3095 periit
832 3035 901 3077 cum
914 3026 975 3077 tota
990 3034 1042 3076 sua
1057 3014 1149 3074 domo
1163 3024 1288 3091 excepta

139 3105 325 3234 fftemptor
359 3096 480 3158 deorum
517 3097 692 3159 fulminatus.
734 3099 792 3158 filia
806 3100 889 3239 ultius
903 3108 964 3159 erat
977 3097 1087 3175 Iupiter
1102 3113 1173 3155 usus
1187 3095 1287 3173 hospi·
1395 3124 1397 3128 .

179 3196 237 3236 ure.
733 3183 783 3241 tio.
855 3224 863 3238 .

140 3323 283 3394 Liparium
294 3330 414 3380 castrum
425 3327 464 3381 ed.
476 3329 565 3381 Paris.
625 3326 754 3381 tod'otum
766 3328 794 3379 Ρ·
843 3325 947 3395 lippare
959 3326 1042 3381 Mucc-
1089 3322 1198 3381 tirreois
1210 3325 1292 3391 Mure,

138 3394 342 3449 deuorauerunt
354 3397 432 3451 llfure
501 3397 702 3451 bastrianorum
713 3399 776 3468 Reg.
848 3401 936 3450 arsate
949 3398 1011 3468 ch.
1053 3398 1060 3409 ⁸

174 3468 237 3531 4⁶7·
255 3465 378 3536 ciuitate]
393 3469 463 3522 .c.G
510 3483 594 3536 quem
605 3468 744 3522 habebant
757 3469 891 3521 deuotum
902 3467 947 3521 illa
958 3469 1002 3522 die
1014 3468 1079 3522 Asi.
1132 3465 1287 3521 obruebant

141 3536 208 3591 Asi.
262 3536 411 3591 abdrideP
470 3537 570 3592 Similia
582 3541 661 3594 Mure
672 3559 693 3593 s.
707 3557 732 3594 u.
744 3537 855 3592 Abdera
866 3543 909 3591 est
920 3543 995 3592 terra
1007 3539 1035 3591 in
1047 3538 1142 3607 quain
1155 3537 1287 3592 Kalendis

142 3605 260 3660 Ianuarii
272 3606 396 3661 homines
413 3608 539 3675 indigene
557 3625 643 3662 unum
661 3615 786 3678 emptum
803 3624 854 3677 pro
872 3608 1006 3676 capitibus
1018 3609 1142 3663 omnium
1154 3609 1287 3662 deuotum

141 3675 304 3745 lapidabant.
341 3679 414 3732 unde
432 3678 558 3733 homines
575 3679 645 3733 illius
666 3685 741 3733 terre
758 3680 888 3734 dictmtur
906 3677 999 3734 abdite
1017 3678 1047 3749 (l.
1065 3677 1200 3748 abderite)
1221 3679 1286 3738 Cam

138 3749 267 3802 staulinus
285 3749 407 3803 Fanensis
425 3752 488 3804 citat
506 3751 659 3805 Scholiastcn
672 3753 750 3805 Statii
761 3751 833 3807 theb.
846 3751 884 3806 Χ.
897 3765 947 3818 793
968 3752 1011 3807 ubi
1028 3752 1068 3804 hic
1086 3769 1139 3804 mos
1157 3750 1287 3805 lustrandi

138 3819 267 3873 ciuitatem
280 3820 394 3874 humana
406 3821 488 3874 hostia
502 3821 617 3875 Gallicus
628 3841 680 3876 csse
691 3822 793 3876 dicitur.
1274 3821 1276 3825 ’

174 3890 235 3954 469.
261 3891 362 3944 Scholia
386 3902 506 3960 corrupta
605 3890 739 3961 Demens]
765 3893 837 3945 Num
863 3890 1027 3946 Deioneus?
1057 3891 1130 3947 Nam
1154 3891 1285 3945 Deionidcs

140 3959 230 4013 Ouidio
247 3961 287 4015 M.
306 3962 359 4014 IX.
377 3981 429 4027 444
448 3961 553 4016 Miletus
570 3973 627 4018 cst:
657 3962 760 4018 Miletus
778 3973 864 4016 autem
883 3974 954 4033 nepos
966 3962 1111 4017 Dcxithocs.
1130 3965 1164 4030 cf.
1176 3963 1214 4016 ad
1224 3977 1286 4027 475.

140 4027 242 4096 ipomoi
257 4032 280 4084 G
373 4032 483 4101 ypomei
495 4033 573 4086 Mare
667 4033 789 4086 theleldn
801 4033 878 4086 Mure
976 4032 1143 4087 uulminatus
1155 4034 1232 4086 Mure
1247 4032 1285 4086 bis

139 4105 256 4167 excepta
267 4105 327 4154 tota
338 4100 440 4156 familia
452 4103 509 4156 eius
521 4103 633 4157 dexIroe
646 4098 748 4157 Mure'
810 4102 935 4157 dexitoes
946 4103 1024 4157 Mure
1111 4119 1182 4171 paua
1193 4099 1284 4172 curta]

138 4173 183 4224 Au
192 4177 350 4240 panagyrta,
359 4173 424 4240 quod
434 4175 496 4227 coni.
507 4176 542 4226 Io.
553 4174 750 4229 Wordsworthl
766 4174 839 4227 Nam
849 4177 1022 4228 uniuersorum
1030 4175 1142 4242 deceptor
1152 4171 1284 4244 (ἀγύρτης)

138 4243 225 4294 uocari
234 4253 340 4310 poterat
351 4244 445 4298 f'clchis
457 4263 504 4297 rex
516 4245 667 4312 Telchinum,
679 4247 722 4313 qui
733 4245 760 4298 iu
774 4245 922 4299 daemonum
934 4263 1037 4298 numero
1051 4255 1076 4297 ct
1088 4246 1202 4313 magicas
1214 4255 1285 4297 artes

137 4329 250 4366 exercere
265 4313 436 4381 putabantur.
483 4314 526 4367 An
544 4314 582 4368 ad
600 4314 718 4369 ἀκεῖσθαι
735 4315 892 4382 referendum
910 4334 996 4368 nomen
1013 4326 1059 4381 est,
1077 4326 1105 4368 ut
1125 4313 1286 4383 intelligatur

139 4381 323 4452 Aesaclapiuci
340 4385 411 4437 Nam
423 4387 553 4438 Panaceia
565 4405 617 4439 una
621 4387 680 4453 suit
691 4406 722 4440 ex
724 4383 834 4453 filiabus
847 4385 993 4455 Aesculapii
1039 4390 1113 4438 satus
1123 4381 1288 4509 Hipponoogv

138 4452 223 4507 am.G
299 4454 356 4522 ipse
374 4459 403 4508 et
416 4455 507 4508 iouem
519 4456 542 4509 C
553 4458 617 4511 Ask.
696 4454 873 4510 concubuisse
886 4471 948 4510 cum
962 4471 994 4510 ea
1006 4457 1072 4509 Ask.
1151 4453 1252 4507 desitos

138 4521 296 4579 eandem-G·
359 4523 543 4580 Thelchinum
555 4530 588 4583 P.

701 4611 725 4660 G
