3038 5010
553 382 557 387 ’
597 393 922 454 PROLEGOMENA.
1236 396 1326 455 xxxiii

181 552 241 623 erit,
256 552 422 611 coniectura
436 549 641 608 tantummodo
655 551 747 627 qualis
762 550 846 609 suerit
858 552 925 609 licet
939 552 1062 628 assequi.
1103 551 1172 622 Qua
1185 561 1283 611 tamen
1297 552 1328 611 in

180 653 211 691 re
229 633 310 710 quod
330 650 348 690 a
367 631 512 708 plerisque
531 631 696 706 neglectum
715 643 767 703 est,
781 633 812 690 in
833 651 868 691 eo
891 651 1035 690 summam
1056 633 1129 692 uerti
1150 634 1327 713 quaestionis

181 728 267 772 acute
288 712 447 772 Merkelius
467 712 622 788 perspexit.
665 712 743 771 Nam
763 713 937 789 Apollonius
959 732 1137 791 quamquam
1157 715 1329 791 plerumque

182 797 251 854 etin
262 805 383 871 utraque
394 794 453 851 uita
464 812 510 870 ap.
520 793 648 850 Keilium
660 812 709 869 pp.
721 811 736 867 5
741 808 861 869 32-534
872 794 1087 854 Alexandrinus
1097 807 1226 867 uocatur,
1236 797 1328 854 Athe·

182 894 258 935 naeo
273 885 345 935 teste
359 877 415 949 283
432 876 468 932 ab
482 874 544 932 aliis
559 873 741 934 Naucratites
755 877 868 934 habitus
883 875 952 934 est*
987 878 1026 934 At
1040 877 1071 934 in
1085 876 1232 949 Naucrati,
1248 879 1329 954 quod

183 968 242 1017 erat
256 956 398 1033 oppidum
412 955 540 1031 Aegypti
559 973 621 1014 non
638 955 726 1032 longe
742 957 852 1016 distans
867 957 1043 1016 Alexandria
1056 960 1093 1016 ab
1108 959 1226 1028 oriente,
1242 958 1330 1017 fuisse

183 1040 254 1097 olim
276 1039 365 1097 deum
386 1037 534 1113 quendam
556 1037 715 1113 antiquum,
731 1038 848 1097 Theuth
870 1039 998 1109 nomine,
1019 1040 1063 1097 cui
1086 1058 1166 1097 sacra
1186 1040 1247 1098 auis
1268 1040 1330 1098 Ibis

183 1121 277 1179 dicata
298 1119 388 1191 luerit,
410 1117 563 1176 confirmat
584 1116 666 1176 Plato
687 1119 718 1176 in
740 1118 873 1178 Phaedro
897 1133 952 1193 274
970 1120 1012 1179 C:
1036 1121 1114 1178 unde
1134 1121 1330 1185 Naucratica†

183 1202 364 1278 potissimum
384 1199 445 1257 auis
466 1209 494 1257 et
509 1198 657 1273 Apollonii
678 1200 749 1257 ciuis
764 1198 872 1279 (uerbis
892 1212 956 1260 utor
971 1201 1112 1273 Merkelii,
1133 1221 1163 1276 p.
1180 1202 1251 1279 338)
1270 1202 1330 1260 Ibis

183 1282 245 1341 fuit.
296 1282 375 1340 Hinc
400 1280 556 1355 praecipue
581 1281 661 1338 riuali
685 1298 794 1339 nomen
818 1283 909 1341 Ibidis
933 1283 1096 1358 inposuisse
1121 1282 1331 1341 Callimachum

184 1382 250 1422 reor
258 1383 266 1436 ;
288 1382 343 1422 nec
359 1362 458 1420 dubito
473 1373 505 1418 ut
515 1360 672 1431 uolucrem,
685 1362 725 1419 sic
737 1361 916 1421 Mercurium
930 1365 990 1422 siue
1002 1363 1128 1436 Theuth,
1140 1365 1186 1423 cui
1201 1383 1236 1423 ea
1249 1382 1332 1422 sacra

184 1445 244 1511 fuit,
260 1455 355 1521 partes
375 1445 405 1501 in
426 1442 493 1500 diris
515 1441 577 1498 eius
597 1442 740 1501 habuisse.
783 1442 861 1502 Nam
879 1455 907 1502 et
921 1444 1043 1503 Ouidius
1064 1444 1142 1503 hunc
1163 1446 1273 1503 inducit
1286 1445 1331 1503 Ib.

187 1546 254 1597 214.
297 1526 356 1597 Qui
381 1524 467 1584 etiam
490 1523 560 1580 illud
585 1524 673 1582 credo
699 1524 808 1582 addidit
832 1545 868 1584 ex
890 1525 1085 1584 Callimachea
1106 1526 1189 1584 Ibide
1211 1546 1269 1601 449
1292 1525 1335 1583 Ei

184 1608 284 1683 quibus
297 1608 400 1684 exiguo
414 1606 539 1662 uolucris
552 1604 646 1663 deuota
659 1605 747 1662 libello
760 1612 801 1663 erl
815 1605 971 1684 Corpora
988 1607 1144 1683 proiecta
1165 1625 1250 1684 quae
1272 1625 1333 1666 sua

185 1698 309 1765 purgat
328 1707 427 1766 aqua.

226 1769 286 1829 Hic
305 1787 367 1828 non
387 1788 510 1846 possum
529 1767 709 1828 Schneidero
727 1769 876 1846 suffragari
890 1770 1065 1828 existimanti
1080 1769 1250 1829 Callimachi
1264 1769 1333 1828 Ibin

185 1862 246 1910 tam
261 1854 396 1927 exiguum
413 1852 532 1910 libellum
552 1851 640 1911 fuisse
655 1861 686 1908 ut
699 1869 791 1908 unum
804 1860 918 1910 tantum
932 1851 1077 1927 conplexa
1094 1870 1189 1928 genus
1209 1852 1334 1910 dirarum

186 1949 247 1990 non
268 1933 341 1990 ultra
362 1933 435 1992 fines
456 1932 672 2009 epigrammatis
692 1950 848 2008 progressa
871 1933 915 1991 sit.
957 1932 1030 1992 Esto
1051 1935 1130 1991 enim
1150 1943 1182 1990 ut
1203 1951 1279 2010 quae
1302 1933 1334 1990 in

187 2014 280 2090 ipsam
300 2033 386 2073 auem
404 2015 569 2091 inprecatus
583 2021 627 2071 est
641 2030 702 2071 non
717 2014 792 2071 adeo
806 2014 896 2072 multa
910 2014 1033 2087 fuerint3
1055 2024 1084 2072 at
1098 2013 1250 2074 adicienda
1267 2023 1334 2072 sunt

115 2159 120 2164 ,
188 2096 314 2170 quaein
327 2095 518 2172 Apollonium
538 2095 647 2153 direxit.
690 2094 765 2165 Quis
786 2096 864 2153 enim
886 2096 961 2154 diras
982 2096 1013 2154 in
1033 2096 1184 2155 inimicum
1204 2095 1334 2155 scribens

188 2177 256 2235 satis
280 2177 338 2234 irae
363 2176 528 2236 consultum
552 2186 634 2251 putet
662 2176 685 2234 si
713 2176 842 2236 aniculae
867 2177 944 2235 mala
967 2177 1058 2235 multa
1082 2177 1253 2253 inprecetur,
1278 2176 1335 2253 ipsi

189 2258 279 2317 nihil?
319 2257 409 2328 Quod
424 2259 448 2316 si
462 2258 493 2317 in
508 2257 614 2315 eodem
629 2259 756 2316 carmine
770 2268 799 2316 et
812 2257 879 2316 Ibin
893 2269 921 2316 et
935 2257 1126 2334 Apollonium
1140 2257 1336 2318 Callimachus

190 2338 315 2411 deuouit,
330 2350 379 2398 aut
400 2339 606 2414 longissimum
628 2339 809 2414 epigramma
830 2338 913 2398 luerit
934 2358 1054 2398 necesse
1076 2349 1128 2410 est,
1142 2350 1192 2398 aut
1211 2338 1336 2399 Ouidius

188 2423 323 2495 exiguum
347 2419 475 2479 libellum
496 2418 666 2478 Callimachi
690 2438 757 2496 prae
782 2439 836 2479 suo
861 2421 1042 2480 existimauit.
1085 2419 1154 2482 Hoc
1178 2431 1210 2480 ut
1234 2437 1336 2479 uemm

190 2503 316 2572 credam,
330 2502 421 2560 multa
439 2500 556 2559 faciunt.
599 2499 678 2560 Nam
697 2501 722 2559 si
736 2502 802 2559 Ibin
817 2519 900 2560 suam
914 2502 1033 2560 libellum
1055 2521 1083 2560 u.
1100 2517 1135 2574 51
1152 2502 1232 2573 dixit,
1247 2519 1335 2578 quae·

190 2601 247 2658 que
272 2583 303 2641 in
327 2601 361 2642 ea
388 2582 510 2659 prolusit
532 2592 625 2655 pauca
650 2601 677 2641 u.
700 2585 759 2658 639
789 2601 858 2659 prae
887 2584 1045 2659 postmodo
1070 2582 1229 2642 scribendis
1257 2593 1336 2641 ratus

191 2663 363 2722 est-habet
384 2674 481 2723 autem
502 2681 619 2721 carmen
640 2681 742 2722 uersus
763 2665 968 2736 644-eadem
989 2665 1100 2723 ratione
1116 2663 1258 2740 Cyrenaei
1272 2663 1337 2722 Ibin

190 2748 326 2821 exiguam
340 2745 468 2804 dicturus
485 2743 544 2816 suit,
561 2745 584 2803 si
606 2762 667 2803 non
689 2744 762 2803 ultra
782 2755 900 2804 centum
920 2746 966 2804 uel
986 2747 1128 2805 ducentos
1149 2763 1250 2804 uersus
1269 2762 1338 2820 pro-

191 2827 279 2885 ducta
300 2836 383 2885 esset.
424 2825 465 2884 Vt
486 2825 622 2902 exemplo
643 2844 705 2883 rem
727 2827 873 2896 illustrem,
895 2827 973 2885 nulla
995 2837 1038 2886 est
1058 2827 1180 2902 epistula
1198 2826 1339 2884 Tristium

192 2917 304 2983 praeter
324 2907 428 2966 librum
450 2908 611 2966 secundum
632 2907 681 2983 qui
702 2926 803 2966 uersus
822 2912 880 2982 578
898 2907 993 2980 habet,
1008 2908 1087 2966 nulla
1107 2910 1279 2984 scriptarum
1300 2925 1338 2965 ex

192 2989 298 3060 Ponto,
313 3006 402 3065 quam
416 3006 477 3046 non
491 2988 630 3064 exiguum
644 2988 771 3047 libellum
785 2989 912 3049 dicturus
926 2989 1035 3048 fuerat:
1059 3007 1154 3064 neque
1168 2987 1290 3064 epistula
1304 3006 1339 3045 ea

192 3088 250 3147 qua
273 3069 461 3145 Triumphum
482 3087 567 3127 suum
589 3068 698 3127 Rufino
720 3071 805 3129 mittit
827 3070 923 3147 (Pont.
945 3071 983 3128 iii.
1006 3068 1037 3148 4)
1062 3070 1225 3128 breuiorem
1249 3068 1338 3126 credo

191 3151 288 3227 ipsum
306 3151 489 3225 Triumphum
507 3149 603 3222 fuisse,
616 3152 750 3227 quamuis
764 3162 829 3229 opus
849 3153 985 3226 enguum
1005 3151 1035 3208 id
1055 3152 1165 3209 uocarit
1181 3148 1237 3228 (5).
1280 3147 1339 3207 Sed

194 3243 221 3290 et
242 3234 304 3308 ipse
326 3250 390 3291 sese
415 3232 618 3307 interpretatus
639 3242 682 3290 est
702 3234 834 3292 uersibus
855 3233 892 3292 de
914 3233 1019 3310 quibus
1041 3249 1201 3308 perperam,
1224 3230 1247 3290 si
1269 3228 1339 3306 quid

193 3312 297 3372 Latine
312 3313 403 3390 sapic,
418 3312 612 3372 Schneiderus
626 3314 771 3374 iudicauit.
813 3314 891 3372 Dicit
906 3314 984 3371 enim
998 3331 1046 3371 uu.
1063 3315 1160 3387 57-64

356 3393 444 3452 Nunc
466 3411 525 3470 quo
546 3393 692 3453 Battiades
713 3396 863 3455 inimicum
885 3394 1010 3453 deuouet
1031 3394 1106 3464 Ibin,

398 3473 468 3534 Hoc
489 3492 545 3550 ego
568 3475 701 3534 deuoueo
722 3484 808 3552 teque
829 3485 954 3552 tuosque
975 3475 1074 3534 modo.

357 3555 455 3631 thue
476 3555 522 3613 ille
543 3555 667 3616 historiis
688 3556 838 3616 inuoluam
859 3557 988 3617 carmina
1009 3557 1112 3628 caecis,

398 3636 469 3694 Non
490 3637 601 3696 soleam
621 3639 756 3713 quamuis
776 3639 833 3698 hoc
854 3656 948 3714 genus
969 3638 1032 3714 ipse
1053 3638 1144 3714 sequi.

359 3717 438 3776 Illius
460 3719 600 3794 ambages
621 3719 748 3778 imitatus
769 3721 799 3777 in
821 3720 903 3778 Ibide
925 3719 1011 3791 dicar,

401 3799 516 3858 Oblitus
538 3800 627 3858 moris
648 3800 804 3876 iudiciique
826 3802 893 3859 mei.
948 3870 953 3881 Ι

307 3902 311 3910 “
359 3878 397 3937 Et
418 3880 558 3955 quoniam
578 3882 628 3957 qui
649 3881 688 3940 sis
709 3881 842 3939 nondum
863 3881 1067 3957 quaerentibus
1089 3881 1153 3952 edo,

399 3961 489 4020 Ibidis
510 3962 620 4021 interea
640 3971 671 4021 tu
692 3980 810 4039 quoque
831 3980 940 4022 nomen
961 3962 1044 4021 habe.

229 4138 244 4173 ¹¹¹
263 4132 423 4183 Ἀπολλώνιος
433 4134 454 4182 δ’
466 4135 479 4182 d
490 4132 578 4183 Ῥόδιος
589 4133 604 4194 ἠ
616 4132 784 4196 Ναυκρατίτης
796 4134 822 4183 ὲν
833 4131 988 4196 Ναυκράτεως
1002 4131 1087 4182 κτίσει.
1121 4135 1210 4181 Aelian.
1222 4135 1253 4184 H.
1266 4137 1294 4182 Α.
1307 4149 1344 4181 xv.

199 4215 229 4263 23
240 4199 401 4249 Ἀπολλώνιος
412 4201 425 4248 d
437 4198 525 4248 Ῥόδιος
535 4199 550 4260 ἠ
561 4204 583 4246 Ν
585 4198 735 4264 αυκρατίτης.

230 4267 248 4327 Ἰ·
270 4267 306 4314 Sic
323 4266 472 4314 Calchedonii
492 4263 587 4328 ὲρωδιὸν
604 4267 651 4313 εἰαθ
670 4267 762 4314 ardeam
780 4275 900 4326 tamquam
918 4263 1036 4329 προδότην
1054 4266 1173 4320 notabant,
1191 4265 1244 4326 quia
1263 4265 1344 4311 urbem

197 4333 275 4380 hostes
286 4340 393 4393 ceperant
405 4333 460 4379 dum
472 4347 539 4379 auem
550 4347 579 4379 ex
591 4332 688 4379 aduerso
703 4331 770 4379 litore
785 4333 907 4379 obseruant
924 4332 988 4392 aquis
1005 4341 1094 4378 exstare
1109 4332 1172 4378 cibos
1189 4331 1343 4392 colligentem,

197 4412 294 4457 eamque
308 4397 392 4445 imitati
408 4399 448 4458 ipsi
464 4412 504 4458 per
517 4405 614 4457 pontum
630 4405 749 4457 tamquam
765 4398 858 4444 interra
874 4397 902 4442 ad
919 4411 996 4443 muros
1007 4397 1175 4460 adgrediuntur,
1191 4397 1263 4441 Anth.
1275 4395 1300 4441 P.
1312 4393 1344 4440 ix.

200 4474 256 4526 551.

763 4546 778 4585 C
