3038 5010
591 376 915 438 PROLEGOMENA.
1231 376 1328 437 xxxvii

179 554 241 595 non
252 546 350 595 tamen
361 535 418 595 hoc
429 543 541 593 tantum
556 554 591 594 ex
607 553 661 594 aue
676 534 830 596 deuouisse
845 536 897 595 sed
912 528 940 595 et
954 537 1009 594 alia
1023 535 1194 596 crediderim
1208 547 1333 614 propter

179 620 269 678 uerba
291 617 391 678 Ouidii
412 617 455 674 Et
473 617 571 690 quibus
591 613 688 695 (uniri)
709 618 831 675 uolucrr's
851 618 946 675 deuota
966 624 1012 676 est.
1055 617 1140 677 Haec
1160 619 1239 677 enim
1260 629 1331 678 uota

180 700 286 757 nonin
301 717 393 757 unum
407 698 523 774 aliquid,
539 697 591 756 sed
611 699 641 755 in
659 699 750 756 multa
770 700 967 774 inprecaturus
987 707 1056 758 erat.
1097 699 1176 758 Nam
1198 700 1235 758 ad
1256 702 1330 759 iram

181 781 369 856 taediumque
384 779 572 851 mouendum,
587 780 650 854 ipsa
664 781 801 838 crebritas
816 781 946 850 accessit,
962 780 1043 856 quod
1057 780 1118 838 ibin
1131 800 1235 841 necare
1249 782 1330 859 capi-

181 861 237 920 tale
253 861 305 920 tuit
320 859 444 940 (Herod.
460 861 487 918 ii.
504 862 552 933 65,
567 859 629 918 Cic.
644 860 680 918 de
696 860 734 919 N.
749 860 786 919 D.
801 862 819 918 i.
837 881 883 935 29.
899 859 960 938 82).

224 936 322 1001 Venio
339 943 378 1000 ad
395 941 571 999 Naucratin:
601 960 671 1006 narn
696 951 725 1000 et
746 941 921 1018 Apollonius
943 941 1127 1002 Naucratites
1146 962 1164 1001 a
1181 944 1330 1003 nonnullis

184 1023 299 1082 habitus
314 1020 383 1093 est*
397 1032 426 1081 et
440 1041 477 1080 ex
492 1021 630 1081 Naucrati
644 1022 792 1098 proiectus
808 1032 852 1082 est
867 1023 986 1082 Theuth
1001 1024 1048 1083 ille
1063 1025 1124 1084 siue
1138 1025 1266 1084 Hermes
1283 1025 1332 1084 cui

184 1104 244 1163 ibin
259 1104 384 1163 dicatam
399 1104 476 1162 idem
491 1103 573 1161 Plato
588 1103 703 1162 tradidit
715 1103 849 1181 (Phaedr.
862 1103 943 1182 274).
957 1105 1080 1161 Ἤκουσα
1093 1107 1177 1163 τοίνυν
1191 1109 1250 1180 περὶ
1261 1107 1330 1163 Nari-

184 1210 270 1260 κρατιν
283 1190 328 1256 τῆς
342 1186 471 1259 Αἰγύπτου
491 1186 611 1259 γενέσθαι
629 1192 679 1241 τῶν
693 1188 744 1241 ἐκεῖ
755 1190 870 1243 παλαιῶν
883 1211 938 1242 τινα
951 1189 1024 1257 θεῶν,
1039 1188 1069 1242 οὗ
1090 1191 1131 1244 καί
1150 1190 1180 1243 τὸ
1201 1189 1289 1261 ὄρνεον
1301 1189 1331 1244 τὸ

183 1270 250 1338 ἱερὸν
270 1267 284 1323 δ
305 1269 336 1338 δὴ
357 1271 480 1322 καλοῦσιν
495 1264 572 1331 Ἶβιν·
593 1268 661 1343 αὐτῷ
682 1269 710 1322 δὲ
731 1267 809 1338 ὄνομα
829 1273 866 1343 τῷ
887 1270 985 1339 δαίμονι
1005 1265 1068 1323 εἶναι
1089 1269 1166 1326 θεῦθ.
1199 1273 1290 1325 τοῦτον
1303 1269 1331 1324 δὲ

182 1355 284 1422 πρῶτον
297 1348 404 1420 ἀριθμόν
421 1370 449 1402 τε
463 1349 511 1402 ,καί
531 1351 658 1421 λογισμὸν
673 1350 754 1421 εὑρεῖν
767 1351 807 1404 καὶ
828 1347 981 1422 γεωμετρίαν
994 1351 1035 1405 καὶ
1055 1350 1233 1423 ἀστρονομίαν,
1247 1352 1284 1406 ἔτι
1304 1351 1331 1405 δὲ

182 1432 298 1488 πεττειιίς
310 1453 339 1485 τε
352 1432 392 1484 καὶ
406 1431 516 1500 κυβείας,
530 1431 570 1484 καὶ
585 1431 614 1499 δὴ
628 1431 669 1484 καί
681 1433 823 1503 γράμματα.

225 1509 342 1582 Quanta
358 1508 441 1567 suerit
455 1510 528 1566 inter
547 1509 625 1568 hunc
641 1509 773 1569 Hermen
794 1520 822 1568 et
842 1509 902 1568 ibin
923 1511 1090 1569 coniunctio
1111 1510 1238 1570 declarat
1251 1511 1330 1569 Aeli-

185 1609 257 1650 anus
273 1590 313 1648 H.
329 1591 366 1648 A.
381 1609 409 1649 x.
428 1609 464 1666 29
479 1594 527 1646 Kal
544 1597 580 1666 τῷ
593 1592 674 1663 Ἐρμῇ
692 1592 723 1646 δέ
734 1595 803 1664 φασι
823 1596 859 1668 τῷ
879 1595 956 1666 πατρὶ
976 1599 1026 1648 τῶν
1039 1592 1125 1666 λόγων
1138 1596 1260 1665 φιλεῖται,
1276 1595 1332 1650 ε’πεί

184 1674 248 1728 ἔοικε
262 1675 292 1728 τὸ
307 1669 373 1730 εἶδος
387 1677 417 1742 τῇ
432 1673 515 1744 φύσει
528 1678 573 1728 τοῦ
590 1672 679 1746 λόγου·
700 1674 731 1727 τὰ
744 1675 791 1744 μὲν
805 1675 855 1746 γὰρ
873 1674 971 1743 με’λονα
991 1674 1123 1746 ὠκυπτέρα
1142 1679 1179 1749 τῷ
1200 1698 1228 1729 τε
1249 1698 1330 1748 σιγω-

184 1754 252 1830 μένιρ
270 1757 310 1809 καὶ
331 1756 402 1810 ἔνδον
421 1755 632 1828 ἐπιστρεφομένῳ
650 1753 723 1828 λόγῳ
741 1758 936 1827 παραβάλλοιτο
950 1756 989 1826 ἂν,
1003 1756 1035 1809 τὰ
1049 1756 1077 1809 δὲ
1090 1757 1169 1809 λευκὰ
1182 1761 1218 1830 τῷ
1230 1758 1331 1828 apode-

184 1835 282 1910 ρομένιρ
302 1858 330 1890 τε
351 1837 391 1890 καὶ
411 1836 553 1910 ἀκουομένιρ
574 1836 620 1904 ἤδη
641 1837 683 1889 καὶ
699 1835 809 1906 ὑπηρέτῃ
828 1841 873 1891 τοῦ
887 1838 959 1891 ἔνδον
972 1838 1013 1890 καὶ
1026 1836 1136 1911 ἀγγέλῳ,
1151 1839 1185 1893 ὣς
1199 1837 1229 1891 ἂν
1243 1835 1332 1895 εἴποις.

185 1915 308 1994 Fuitque
321 1916 402 1979 ibis†
417 1915 503 1973 huius
518 1915 564 1973 dei
579 1914 697 1973 Theuth
716 1916 838 1991 insigne,
854 1934 949 1992 neque
970 1917 1008 1974 ita
1029 1915 1125 1975 solum
1145 1925 1177 1974 ut
1197 1916 1243 1975 ille
1264 1935 1332 1975 cum

186 1998 280 2072 capite
298 1996 383 2056 ibidis
404 1997 568 2073 pingeretur
589 2006 617 2055 et
638 1997 685 2055 dei
706 2014 815 2055 nomen
837 1998 892 2055 ibis
913 1998 942 2055 in
964 1997 1044 2074 ligno
1063 2005 1142 2056 stans
1161 2015 1229 2056 cum
1246 1999 1333 2056 serni·

186 2077 292 2136 circulo
307 2088 335 2136 et
349 2077 462 2136 duabus
476 2077 558 2136 lineis
573 2077 754 2153 exprimeret,
769 2078 821 2136 sed
840 2087 871 2135 ut
890 2080 960 2137 anni
978 2078 1087 2155 primus
1106 2080 1216 2138 mensis
1230 2079 1332 2138 Thoth

186 2169 347 2230 uocaretur,
362 2159 519 2217 litterarum
533 2158 743 2235 Aegyptiarum
764 2159 857 2234 prima
878 2160 932 2218 ibis
954 2168 1030 2219 esset
1045 2157 1119 2237 (Cic.
1134 2159 1171 2218 de
1188 2159 1225 2217 N.
1242 2160 1280 2219 D.
1294 2161 1332 2218 iii.

189 2258 237 2300 aa.
254 2242 301 2314 56,
319 2240 392 2299 Plut.
408 2240 506 2316 Symp.
523 2240 560 2298 ix.
578 2259 602 2296 2.
620 2238 674 2317 a).l
716 2239 819 2315 Itaque
835 2240 1017 2317 Hermopoli,
1033 2258 1091 2318 qua
1108 2241 1138 2298 in
1157 2242 1228 2300 urbe
1249 2260 1334 2317 prae·

186 2322 272 2397 cipue
286 2320 404 2380 Theuth
423 2321 577 2391 colebatur,
593 2321 720 2396 porticus
735 2321 834 2396 templi
849 2323 929 2397 quod
948 2323 987 2380 ibi
1006 2322 1167 2380 maximum
1181 2324 1334 2396 ῖβικέφολον

187 2402 274 2460 deum
290 2421 356 2461 curn
371 2402 485 2461 famulis
499 2401 575 2460 ibide
590 2411 619 2460 ct
634 2402 718 2460 simio
732 2402 892 2478 insculptos
907 2404 1041 2478 gerebat:
1060 2412 1089 2461 et
1102 2402 1168 2462 illuc
1183 2404 1334 2480 deportata

187 2501 253 2542 esse
268 2485 409 2542 cadauera
423 2484 522 2554 ibium,
537 2483 610 2541 sicut
624 2484 661 2541 ad
676 2483 751 2542 Buto
766 2484 943 2559 accipitrum,
955 2493 1052 2542 narrat
1062 2483 1231 2543 Herodotus
1245 2485 1273 2544 ii.
1285 2487 1333 2559 67.

181 2564 276 2632 Ἰβεως
288 2567 422 2639 ‘appeteris
435 2566 540 2640 pinnas
555 2566 584 2622 in
599 2565 745 2639 magicum
761 2583 845 2623 usum
867 2564 984 2624 adhibet
1005 2567 1126 2642 scriptor
1143 2584 1265 2624 arcanus
1286 2584 1334 2641 ap.

188 2644 312 2722 Parthey
328 2646 403 2704 Zwei
424 2646 639 2722 Zauberpapyri
658 2663 687 2720 p.
703 2660 776 2721 127:
799 2664 854 2705 nec
875 2648 989 2705 minore
1010 2665 1079 2705 cura
1097 2647 1157 2704 ibin
1176 2647 1226 2723 qui
1241 2647 1334 2706 medi·

189 2727 272 2785 cinae
296 2726 450 2786 studebant
474 2745 563 2804 quarn
589 2726 729 2798 Hermen,
754 2728 822 2785 artis
850 2729 912 2786 eius
936 2739 1086 2787 auctorem
1110 2746 1144 2787 ac
1169 2739 1332 2804 patronum,

188 2808 393 2867 obseruabant.
436 2807 494 2867 Sed
515 2818 544 2866 et
558 2808 660 2866 Lunae
681 2826 839 2866 commune
861 2808 911 2867 fuit
926 2809 1056 2868 Hermae
1076 2827 1144 2867 curn
1165 2809 1242 2868 ibide
1264 2827 1335 2868 con-

190 2890 320 2960 sortium,
343 2907 409 2948 eum
432 2889 586 2947 Plutarcho
608 2899 680 2948 teste
701 2889 737 2947 de
759 2889 798 2948 Is.
819 2898 848 2947 et
868 2890 944 2949 Osir.
968 2909 1003 2961 41
1030 2890 1156 2948 Hermes
1178 2891 1264 2950 lunae
1289 2892 1334 2948 in·

191 2970 288 3029 sidens
303 2988 372 3028 curn
386 2989 421 3028 ea
432 2971 580 3029 circuitum
591 2970 724 3044 §faceret
740 2970 868 3028 Hermae
882 2971 1076 3041 simulacrum,
1087 2981 1237 3046 tamquam
1248 2971 1333 3042 Luni,

187 3051 286 3109 lunula
300 3051 503 3122 comitaretur;
525 3052 579 3110 ibis
593 3061 690 3108 autem
709 3069 777 3110 cum
796 3051 882 3110 lunae
901 3052 1020 3110 nomine
1036 3051 1105 3109 Hah
1120 3052 1181 3110 siue
1195 3052 1250 3109 Ioh
1265 3070 1335 3111 con-

188 3133 288 3191 iuncta
301 3133 458 3208 reperiatur
469 3131 645 3212 (Wilkinson
656 3133 692 3190 iii.
707 3151 736 3208 p.
750 3131 828 3210 165),
840 3141 869 3190 et
879 3131 977 3191 lunam
993 3133 1156 3191 diuersitate
1170 3133 1334 3209 plumarum

221 3271 236 3305 *
252 3268 338 3318 Athen.
348 3268 402 3331 283.
430 3270 521 3330 Scripsit
532 3270 666 3330 Apollonius
677 3268 779 3317 libellum
791 3265 888 3316 Κτίσεις
899 3269 922 3315 in
934 3285 981 3330 quo
992 3268 1083 3315 urbium
1094 3270 1192 3332 origines
1204 3269 1336 3318 celebrauit.

188 3335 406 3382 Commemorantur
424 3334 571 3390 Alexandria,
587 3336 686 3393 Caunus,
705 3335 799 3389 Cnidus,
817 3335 936 3381 Naucratis
954 3334 1058 3395 (Clinton
1076 3335 1101 3381 F.
1119 3335 1150 3380 H.
1168 3336 1198 3385 iii.
1215 3349 1238 3393 p.
1258 3332 1334 3396 516);

188 3402 249 3446 unde
271 3415 345 3447 errore
368 3401 517 3448 Naucratiten
543 3401 629 3446 dictum
650 3401 739 3460 putauit
761 3399 911 3446 Weichertus.
952 3400 996 3446 Sed
1020 3414 1067 3445 non
1091 3399 1159 3446 uideo
1185 3415 1225 3447 cur
1253 3400 1336 3447 eadem

189 3465 302 3527 dubitatio
321 3481 369 3512 non
386 3467 457 3512 etiam
475 3467 498 3512 in
518 3465 561 3512 hos
580 3466 713 3513 admittatur
730 3465 768 3525 qui
789 3480 842 3511 euin
859 3464 1040 3512 Alexandrinum
1058 3473 1177 3522 uocarunt,
1194 3479 1247 3512 cum
1264 3466 1336 3514 etiarn

189 3528 370 3593 Ἀλεξανδρείας
376 3529 461 3578 ’κτίσιν
473 3532 592 3591 scripserit.
618 3531 678 3577 Vero
690 3531 784 3577 similius
796 3539 830 3576 est
844 3539 924 3576 natum
937 3530 1055 3584 Naaman,
1062 3531 1171 3578 eductum
1183 3531 1337 3578 Alexandriae

189 3597 263 3646 fuisse.
286 3597 323 3642 Ab
334 3596 379 3643 hoc
390 3596 468 3644 libello
479 3597 597 3657 Apollonii
609 3596 709 3656 suspicor
720 3596 830 3642 Ouidium
838 3596 946 3643 nonnulla
959 3597 1086 3656 sumpsisse,
1098 3597 1128 3645 cf.
1137 3607 1184 3658 539
1193 3597 1336 3643 Conditor

188 3671 213 3708 ut
225 3663 309 3708 tardae
320 3661 416 3708 Blaesus
427 3662 560 3726 cognomine
572 3662 652 3720 Cyrae.

220 3727 239 3784 †
256 3727 319 3774 Haec
331 3727 416 3786 sumpsi
433 3728 461 3775 de
478 3728 535 3774 libro
548 3724 685 3772 Wilkinsoni
697 3726 807 3772 Manners
822 3724 866 3770 and
881 3725 990 3772 Customs
1008 3725 1036 3771 ol'
1048 3724 1089 3773 the
1100 3727 1200 3774 Ancient
1211 3725 1337 3790 Egyptians

188 3792 221 3839 iii.
238 3807 276 3853 pp.
292 3789 337 3861 155
350 3807 399 3853 sqq.
434 3792 471 3840 cf.
489 3792 600 3839 Kreuzeri
617 3790 737 3853 Symbolik
753 3791 776 3837 ii.
794 3805 832 3850 pp.
847 3802 891 3838 101
905 3804 955 3851 sqq.
992 3791 1092 3855 Sauignii
1110 3792 1212 3839 Histoire
1229 3793 1258 3839 de
1274 3792 1337 3839 l’lbis

218 3869 249 3906 .1
269 3857 306 3904 8s
340 3891 346 3904 .

186 3872 236 3982 ppss
252 3871 407 3983 i’lutllqsymp.
419 3923 450 3969 ix.
464 3935 485 3970 a.
500 3935 512 3968 a
530 3919 615 3983 Ἐρμῆς
630 3918 732 3982 λέγεται
749 3919 808 3967 θεῶν
826 3920 852 3967 ἓν
869 3917 982 3980 Αίγύπτῳ
998 3916 1127 3981 γράμματα
1143 3921 1234 3984 πρῶτος
1250 3913 1338 3984 εὑρεῖν.

189 3985 226 4034 διὸ
242 3985 282 4034 real
298 3984 328 4033 τὸ
344 3985 393 4034 τῶν
403 3983 551 4050 γραμμάτων
562 3984 687 4047 Αἰγύπτιοι
704 3985 799 4048 πρῶτον
809 3982 860 4038 ἶβιν
871 3983 1012 4047 γράφουσιν,
1024 3986 1054 4033 ὡς
1063 3982 1149 4047 Ἐρμεΐ
1161 3983 1337 4048 προσήκουσαν,

189 4051 235 4099 οὐκ
254 4051 327 4113 ὀρθῶς
345 4052 408 4099 κατά
426 4069 456 4113 γε
476 4051 522 4112 τὴν
539 4050 599 4111 ἐμὴν
617 4049 688 4112 δόξαν
704 4049 798 4112 ἀναύδῳ
817 4049 857 4098 καὶ
877 4048 995 4112 ἀφθόγγῳ
1014 4049 1138 4112 προεδρίαν
1153 4050 1180 4099 ἐν
1198 4049 1338 4113 γράμμασιν

191 4114 328 4166 ἀποδόντες.
361 4118 459 4165 Constat
477 4118 627 4164 Plutarchum
648 4118 774 4165 litterarum
795 4118 962 4180 Aegyptiarum
981 4131 1102 4163 numerum
1115 4128 1144 4177 25
1163 4118 1249 4172 fecisse,
1267 4118 1296 4163 Is.
1313 4125 1337 4164 et

192 4183 252 4230 Osir.
266 4181 305 4244 56,
323 4184 362 4230 sed
377 4183 458 4229 harum
472 4184 545 4243 prima
560 4191 638 4229 utrum
655 4183 676 4227 A
690 4183 765 4241 fuerit,
784 4197 830 4228 non
847 4183 924 4242 liquet,
943 4181 1075 4241 praesertim
1091 4197 1144 4229 curn
1160 4197 1189 4229 err
1204 4182 1338 4242 pulcerrima

194 4249 351 4295 dissertatione
368 4248 523 4295 Emmanuelis
540 4248 568 4295 de
588 4248 672 4310 Rouge
686 4247 814 4309 (Memoire
828 4261 866 4293 sur
881 4243 984 4309 l’origine
1000 4235 1145 4310 Egyptienne
1163 4250 1191 4294 de
1206 4246 1338 4306 l'Alphabet

194 4312 326 4368 Phenicien,
346 4314 407 4360 Paris
421 4312 495 4376 1874)
514 4314 533 4358 B
553 4313 629 4373 potius
649 4327 690 4372 per
707 4312 758 4359 lbiu
777 4312 903 4374 significata
923 4313 1034 4360 uideatur.
1069 4313 1123 4360 Eius
1141 4312 1211 4359 libelli
1230 4312 1338 4358 notitiam

194 4387 312 4439 acceptam
324 4379 397 4426 refero
409 4380 458 4425 niro
470 4379 617 4425 illustrissimo
629 4378 697 4425 Max.
709 4378 829 4425 Muellero.

230 4448 242 4502 ξ
261 4445 320 4491 Plut.
335 4444 363 4491 de
375 4445 404 4491 ls.
416 4453 439 4492 et
450 4444 511 4491 Osir.
525 4457 554 4505 41
569 4441 718 4503 ίνιδρυρίνον
729 4441 920 4505 συμπεριπολεῖν.
