3038 5010
583 394 909 456 PROLEGOMENA.
1264 395 1325 454 xliii

181 557 316 628 Fuffetio,
340 577 357 632 9
380 555 416 614 de
440 554 538 613 Icariis
563 552 701 610 Romano
722 552 820 623 altere,
846 546 940 610 altero
955 551 1079 623 Graeco,
1106 571 1141 610 10
1163 554 1199 611 de
1221 552 1324 612 Cassio

181 639 272 698 Bruto
286 656 361 715 quae
377 637 413 696 de
428 636 578 706 Pausania,
596 653 631 691 22
648 634 684 692 de
699 633 814 692 Valeria
829 633 1037 692 Tusculanaria
1051 651 1125 709 quae
1141 634 1176 692 de
1196 634 1325 710 Myrrha,

184 740 220 792 24
237 720 273 778 de
288 719 321 777 L.
337 718 488 794 Thymbri,
506 716 619 785 Rustio,
641 714 744 774 Gestio
763 732 837 790 quae
857 713 893 773 de
909 714 1042 786 Hecuba,
1064 715 1219 791 Polydoro,
1239 715 1325 792 Poly-

182 812 292 860 mestor
341 801 377 856 26
393 799 430 857 de
445 795 597 856 Mamerco
617 807 645 854 et
668 796 757 853 Siluia
776 813 852 872 quae
874 795 911 854 de
932 795 1082 872 Meleagro
1097 807 1125 854 et
1139 796 1271 866 Althaea,
1287 801 1324 854 28

181 883 216 941 de
238 881 354 958 Papirio
374 890 404 938 et
424 878 547 938 Canulia
569 896 644 953 quae
663 878 699 935 de
719 877 858 934 Macareo
879 887 907 935 et
929 875 1055 946 Canace,
1079 896 1116 951 34
1132 878 1169 936 de
1189 877 1326 938 Cominio

180 982 254 1039 quae
276 963 313 1021 de
335 960 508 1038 Hippolyto,
533 974 569 1034 37
593 959 629 1018 de
650 958 720 1017 Fab.
744 957 916 1016 Fabriciano
937 976 1012 1034 quae
1034 958 1071 1016 de
1093 961 1326 1034 Agamemnone,

181 1049 219 1119 38
235 1045 271 1103 de
286 1043 389 1102 Fauno
408 1041 559 1100 interiecto
579 1041 616 1098 ab
631 1039 759 1098 Hercule
774 1057 849 1115 quae
865 1039 901 1097 de
921 1037 1061 1107 Busiride,
1085 1060 1121 1115 39
1144 1041 1179 1098 de
1199 1041 1326 1099 Aemilio

180 1125 344 1185 Censorino
359 1132 388 1182 et
399 1122 521 1182 Aruntio
537 1122 688 1180 Paterculo
702 1121 784 1179 aenei
799 1121 865 1196 equi
879 1129 1025 1196 repertore
1039 1139 1115 1196 quae
1130 1122 1166 1180 de
1175 1120 1327 1180 Phalaride

180 1218 210 1266 et
237 1206 342 1264 Perillo
368 1205 450 1263 aenei
478 1204 551 1261 tauri
580 1203 759 1274 fabricatore,
785 1221 823 1274 40
846 1201 882 1260 de
903 1202 1002 1259 Annio
1032 1218 1096 1261 sese
1125 1203 1156 1260 in
1181 1203 1327 1261 Anienem

181 1288 389 1365 praecipitante
404 1302 479 1362 quae
494 1286 531 1343 de
549 1283 653 1343 Eueno
674 1285 705 1341 in
723 1283 898 1360 Lycorman.
933 1282 972 1340 Et
985 1283 1059 1342 haec
1078 1294 1107 1341 et
1125 1302 1327 1361 quaecumque

181 1369 285 1428 similia
309 1377 379 1426 tunc
403 1367 581 1442 legebantur,
605 1364 701 1441 qualia
724 1365 791 1423 dicit
815 1363 1015 1423 Artemidoms
1037 1363 1209 1423 Oneirocrit.
1229 1365 1265 1423 iv.
1288 1367 1326 1440 63

181 1451 284 1509 citatus
316 1469 333 1508 a
362 1447 512 1508 Meineklo
543 1447 629 1505 Anal.
657 1445 741 1504 Alex.
771 1464 799 1521 p.
826 1447 884 1518 258
913 1448 973 1501 Εἰσί
1002 1449 1052 1520 γὰρ
1082 1448 1123 1502 καὶ
1150 1449 1220 1519 παρὰ
1247 1452 1327 1502 Λυκό-

181 1536 260 1604 φρονι
282 1533 310 1588 ἐν
330 1537 361 1601 τῇ
384 1531 542 1601 Ἀλεξάνδρᾳ
565 1532 606 1584 καί
627 1531 696 1601 παρὰ
709 1529 863 1600 Ἡρακλείδῃ
885 1532 921 1602 τῷ
944 1533 1059 1603 Ποντικῷ
1081 1530 1108 1583 ἐν
1129 1533 1184 1585 ταῖς
1207 1529 1327 1600 Λέσχαις,

181 1616 221 1668 καὶ
240 1616 310 1685 παρὰ
324 1611 456 1686 Παρθενίῳ
477 1613 504 1666 ε’ν
516 1611 663 1678 Ἐλεγείοις,
679 1612 719 1664 καὶ
738 1611 808 1679 παρὰ
827 1611 918 1666 ἄλλοις
937 1612 1047 1666 πολλοῖς
1067 1609 1178 1681 ἱστορίαι
1198 1609 1268 1680 ξέναι
1288 1614 1329 1665 καί

180 1695 305 1767 depenso,
321 1693 401 1750 cuius
416 1691 531 1767 generis
544 1691 618 1748 inter
633 1689 786 1748 Romanos
801 1688 895 1747 Cinna
912 1688 1066 1764 Smyrnam
1080 1689 1208 1750 ediderat
1221 1690 1327 1748 librum

181 1774 323 1832 obscurum
338 1774 403 1831 odeo
417 1780 450 1830 ut
464 1780 489 1830 et
508 1772 637 1829 nonnulli
654 1773 712 1829 eries
729 1772 828 1829 aetatis
843 1772 1028 1847 grammatici
1039 1773 1069 1828 in
1088 1789 1147 1829 enm
1165 1774 1332 1847 scripserint

181 1874 363 1932 magnamque
383 1872 422 1912 ex
443 1856 502 1911 eius
524 1855 699 1911 enarratione
723 1854 782 1910 sint
802 1852 925 1926 glorium
950 1854 1085 1909 consecuti
1102 1851 1269 1929 (Philargyr.
1291 1854 1329 1911 ad

181 1936 244 1995 Ecl.
255 1937 291 1994 ix.
305 1935 366 2014 35),
378 1935 435 1993 iam
444 1935 604 1993 innotuisse
615 1933 723 1993 Ouidio
734 1951 799 1992 reor
808 1931 897 1991 cum*
911 1931 1167 2008 Metamorphoses
1178 1934 1328 1993 scribebat.

183 2018 218 2076 Id
235 2036 310 2093 opus
325 2017 423 2075 Roma
442 2016 542 2075 exiens
560 2015 751 2090 inperfectum
769 2015 930 2091 reliquerat,
945 2024 1031 2091 atque
1052 2017 1106 2090 ιρςι
1123 2033 1175 2072 sua
1192 2026 1329 2092 posuerat

183 2107 301 2156 maestus
324 2100 354 2156 in
379 2100 441 2172 igne
462 2116 547 2154 monn
569 2096 670 2175 (Trist.
689 2097 705 2154 i.
731 2110 757 2171 7.
779 2099 839 2168 16),
862 2104 966 2173 postea
985 2107 1083 2156 tamen
1105 2107 1246 2171 conperto
1267 2115 1330 2156 non

183 2198 248 2239 esse
263 2180 380 2256 penitus
402 2179 547 2237 sublatum
569 2179 622 2237 sed
641 2189 737 2236 extare
756 2178 885 2253 pluribus
906 2178 1044 2252 scriptum
1059 2178 1200 2253 exemplis
1215 2176 1264 2256 (ib.
1282 2198 1296 2236 2
1302 2198 1328 2253 3,

136 2284 138 2288 ’
186 2257 244 2338 24),
259 2261 322 2337 ipse
344 2269 491 2318 seruatum
512 2259 603 2318 uoluit
625 2260 849 2335 praeposuitque
871 2277 922 2317 sex
944 2259 1007 2317 illos
1029 2277 1129 2317 uersus
1152 2258 1251 2337 (Trist.
1266 2261 1284 2318 i.
1304 2274 1328 2333 7.

185 2344 296 2417 35-40)
317 2341 394 2399 Orba
411 2348 526 2417 parente
540 2359 587 2398 suo
600 2343 761 2416 quicumque
779 2341 922 2398 uolumina
936 2343 1038 2417 tungri,
1052 2339 1112 2398 His
1128 2343 1222 2398 saltem
1237 2349 1330 2400 uestro

183 2425 263 2482 detur
277 2426 307 2480 in
326 2423 392 2480 urbe
413 2424 496 2480 locus.
541 2421 651 2497 Quoque
667 2424 758 2499 magis
768 2423 885 2498 foueas,
901 2441 954 2479 non
973 2422 1038 2479 laec
1057 2429 1124 2480 sunt
1138 2424 1210 2481 edito
1224 2424 1258 2481 ol
1272 2425 1330 2494 illo,

184 2504 242 2564 Sed
251 2506 337 2580 qnasi
347 2505 378 2560 de
391 2504 499 2561 dornini
505 2505 613 2583 funere
626 2510 709 2578 rapto
723 2505 775 2562 sui.
820 2502 965 2578 Quidquid
976 2506 1005 2560 in
1018 2505 1064 2562 lus
1080 2505 1170 2577 igitur
1183 2505 1251 2563 uitii
1260 2506 1329 2562 rude

183 2605 292 2645 carmen
310 2585 424 2656 habebit,
439 2583 657 2655 Emendaturus,
672 2587 702 2642 si
712 2586 839 2655 licuisset,
854 2603 940 2642 eram.
983 2584 1040 2643 His
1057 2586 1217 2644 intexuerat
1236 2604 1328 2662 prope

183 2685 287 2726 omnes
302 2665 413 2724 fabulas
427 2684 502 2742 quae
518 2667 548 2724 in
560 2666 643 2725 Ibide
657 2667 845 2741 reperiuntur,
860 2666 939 2725 unde
954 2684 1015 2724 non
1029 2684 1095 2725 raro
1109 2667 1218 2726 eisdem
1231 2668 1328 2727 uerbis

182 2749 304 2807 eaedem
318 2749 348 2805 in
362 2749 505 2805 ambabus
518 2757 675 2806 recurrunt.
704 2746 768 2806 Has
782 2747 813 2804 in
823 2746 889 2805 Ibin
904 2746 1077 2806 transferens
1092 2766 1181 2824 quam
1195 2766 1328 2808 normam

182 2829 353 2900 adhibuerit,
365 2828 435 2904 quid
448 2828 604 2904 respiciens
619 2829 709 2888 modo
724 2829 782 2887 hoc
796 2829 997 2904 adsumpserit,
1009 2828 1099 2887 modo
1114 2829 1182 2888 illud
1192 2831 1327 2902 reiecerit,

182 2910 303 2970 difficilis
328 2919 372 2969 est
394 2910 534 2986 quaestio.
578 2909 637 2968 Sed
659 2911 689 2967 in
712 2911 880 2969 uniuersum
904 2928 953 2968 eas
976 2910 1088 2968 uidetur
1111 2911 1231 2986 elegisse
1254 2929 1329 2987 quae

181 2991 373 3050 miserrimum
394 3008 487 3066 genus
510 2990 571 3049 siue
591 2992 692 3050 mortis
715 2992 776 3050 siue
797 2993 933 3050 tormenti
954 2990 1101 3062 haberent,
1123 2992 1202 3051 unde
1222 2992 1328 3051 multas

182 3074 287 3148 quibus
301 3072 356 3130 hoc
370 3090 432 3130 non
451 3072 525 3130 inest
543 3073 738 3148 praetermisit
782 3071 961 3131 Huiusmodi
979 3072 1127 3149 suppliciis
1141 3073 1327 3132 abundabant

183 3152 361 3213 Graecorum
381 3153 554 3229 tragoediae.
596 3153 661 3213 Ael.
676 3153 713 3212 V.
729 3153 769 3213 H.
784 3155 822 3215 iii.
838 3172 875 3228 ²9
899 3155 1018 3227 Διογένης
1037 3159 1051 3208 ὁ
1071 3157 1196 3212 Σινωπεὺς
1214 3161 1329 3227 συνεχῶς

182 3238 302 3308 ε’πελεγεν
315 3237 380 3306 ὑπὲρ
393 3239 492 3304 ἑαυτοῦ,
503 3236 542 3291 ὅτι
555 3238 600 3293 τὰς
611 3238 638 3291 ἐκ
648 3239 692 3304 τῆς
702 3236 844 3310 τραγωδίας
854 3236 916 3306 ἀρὰς
929 3237 1005 3293 αὐτὸς
1015 3237 1137 3307 ἐκπληροῖ
1150 3237 1190 3290 καὶ
1200 3238 1329 3308 ὑπομένει·

183 3313 244 3372 εἶναι
267 3317 318 3390 γὰρ
343 3319 447 3385 Πλάνης
468 3317 552 3374 ἄοικος
573 3319 694 3389 πατρίδος
716 3319 883 3390 ἐστερημένος
905 3319 1013 3389 Πτωχὸς
1038 3319 1165 3384 δυσείμων
1185 3319 1245 3382 βίον
1263 3320 1330 3390 ἔχων

158 3398 318 3471 ’ἐφήμεροι
360 3396 494 3467 Quamm
515 3397 568 3454 etsi
589 3399 717 3455 maxima
740 3416 806 3473 pars
828 3398 920 3474 periit,
941 3408 1111 3473 argumenta
1132 3407 1231 3455 extant
1251 3397 1330 3474 apud

186 3476 348 3555 Hyginum,
365 3478 446 3536 cuius
467 3477 581 3536 fabulae
602 3479 749 3554 permultis
769 3480 840 3538 locis
855 3479 930 3538 Ibidi
950 3478 1046 3537 lucem
1067 3478 1229 3537 offundunt.
1273 3479 1330 3537 Le-

186 3569 324 3635 geratque
336 3556 474 3635 Hygin'us
486 3559 661 3619 Ouidianam
673 3561 748 3633 lbin,
762 3572 794 3621 ut
808 3580 845 3620 ex
859 3560 929 3619 Fab.
942 3578 998 3635 123
1014 3559 1129 3636 collegit
1141 3559 1330 3620 Schmidtius:

220 3759 235 3792 *
251 3758 320 3805 Certe
332 3771 390 3818 quae
402 3772 437 3804 res
449 3757 497 3804 lbin
509 3758 590 3805 eadem
602 3756 801 3817 Metamorphoses
813 3759 924 3813 obscurat,
936 3759 1036 3805 crebrior
1047 3773 1099 3805 usus
1110 3759 1329 3819 patronymicorum.

187 3822 230 3870 Sed
248 3832 272 3871 et
290 3824 464 3885 papponymicis
482 3833 551 3884 atque
571 3824 640 3870 etiarn
660 3821 865 3885 mammonymicis‘
880 3824 981 3870 taedium
999 3825 1097 3871 uitauit:
1122 3825 1151 3870 de
1170 3840 1215 3885 qua
1234 3840 1259 3871 re
1278 3826 1332 3872 uide

189 3887 294 3935 Meinek.
313 3889 379 3936 Anal.
397 3888 465 3936 Alex.
482 3903 520 3948 pp.
539 3896 578 3949 70,
599 3897 627 3951 71
649 3889 768 3934 ‘Omnino
785 3890 839 3935 satis
858 3890 963 3949 frequens
982 3899 1016 3935 est
1033 3889 1254 3950 papponymicorurn
1270 3905 1330 3940 usus.

188 3953 224 3999 lta
235 3955 329 3999 Perseus
342 3954 402 4012 apud
415 3954 524 4000 Ouidium
536 3954 636 4003 Metam.
648 3955 678 4001 iv.
693 3963 736 4016 771
751 3969 764 3999 a
776 3967 862 4014 proauo
872 3963 967 4001 uocatur
978 3954 1126 4017 Agenorides,
1159 3956 1196 4001 De
1206 3955 1332 4003 Protesilao

188 4018 310 4079 Phylacide
332 4019 394 4064 idem
417 4019 536 4065 adnotauit
559 4019 742 4066 Hemsterhusius
769 4021 797 4066 ad
821 4020 913 4066 Lucian.
936 4035 959 4078 p.
984 4017 1040 4082 426.
1082 4022 1160 4079 Atque
1182 4021 1255 4080 ipsum
1277 4021 1332 4066 illud

189 4080 299 4144 Αἰακίδης
316 4084 345 4130 de
356 4084 427 4130 Aiace
443 4093 575 4145 usurpatum
591 4086 668 4131 attulit
686 4086 848 4148 grammaticus
860 4085 962 4131 Crameri
974 4085 1059 4135 Anecd.
1071 4084 1101 4131 ἰν.
1114 4100 1137 4145 p.
1151 4082 1207 4144 326,
1221 4099 1259 4146 25.
1293 4086 1331 4132 cf.

189 4149 267 4196 Suidas
284 4163 302 4198 s.
314 4165 337 4195 ν.
353 4145 486 4208 Ἀλκείδης.
519 4151 571 4196 Nec
590 4150 671 4196 desunt
692 4151 939 4211 mammonymicorum
960 4151 1072 4210 exempla,
1090 4165 1120 4196 ex
1137 4165 1182 4210 quo
1200 4166 1281 4214 genere
1296 4159 1332 4197 est

190 4213 307 4275 Λητοΐδης
318 4216 346 4261 de
357 4215 492 4276 Aesculapio
504 4215 590 4262 dictum
602 4218 631 4262 ab
643 4216 744 4262 Hesiodo
756 4216 847 4278 Fragm.
858 4216 894 4262 ed.
909 4214 1071 4262 Marckscbell.
1083 4217 1123 4264 Cl.
1134 4231 1157 4276 p.
1171 4225 1218 4278 317

741 4279 820 4343 πατὴρ
837 4278 858 4325 δ’
873 4278 966 4340 ἀνδρῶν
981 4296 1009 4327 τε
1027 4279 1087 4327 θεῶν
1103 4296 1131 4327 τε

413 4342 508 4391 Xdronr'
524 4343 564 4392 ἀπ’
581 4343 713 4404 Οὐλύμπου
729 4343 755 4392 δὲ
771 4343 857 4398 βαλὼν
873 4341 987 4456 ρολόεντι
1004 4342 1109 4407 κεραυνῷ

408 4406 515 4457 Ἔκτανε
531 4409 660 4472 λητοίδην,
676 4409 750 4472 φίλον
767 4407 813 4458 σὺν
829 4413 876 4470 dou
890 4426 904 4457 ν
920 4408 1013 4472 ὀρίνων.

220 4473 246 4520 ln
259 4474 340 4536 quibus
351 4483 440 4535 praeter
451 4473 525 4537 φίλον
536 4477 567 4523 nil
578 4475 726 4536 corruptum!
