3038 5010
211 411 249 466 46
692 405 873 468 SCHOLIA

253 585 301 641 92.
323 566 459 624 Plenius
480 563 636 643 ingenio:
663 565 680 623 i.
696 564 761 640 plus
776 582 866 640 quam
879 565 974 640 possit
987 565 1153 640 excogitari.
1194 565 1238 623 H.
1271 560 1277 569 '

254 661 302 721 95.
323 646 416 707 Ibin:
438 647 456 705 i.
471 647 571 704 similis
586 645 656 703 ibidi
670 655 789 723 propter
803 646 1014 705 inmunditiam.
1060 647 1093 706 C.

253 731 301 802 96.
326 726 404 787 has:
434 746 509 804 quae
530 737 597 785 sunt
618 727 647 784 in
668 727 743 785 libro
765 745 841 786 meo.
864 745 982 803 preces
1004 747 1055 805 per
1075 728 1252 788 contrarium
1269 729 1299 789 id
1317 740 1361 790 est

211 811 436 885 imprecationes
451 819 479 868 et
493 809 710 867 maledictiones
724 808 755 865 in
769 827 825 867 me.
870 807 903 868 C.

254 905 301 968 97.
323 893 358 950 in
379 909 438 950 me.
481 888 657 966 Metaphora
671 898 715 948 est
732 898 847 967 sumpta
861 908 879 947 a
894 889 1044 949 sacerdote
1062 891 1111 968 qui
1131 891 1207 951 facta
1226 893 1281 951 diis
1301 893 1362 951 uic-

210 974 282 1032 tima
296 975 423 1032 securius
437 981 526 1030 uouet
539 981 570 1030 ut
584 989 636 1029 sua
649 970 720 1029 fiant
734 981 822 1044 uota;
842 971 886 1029 cui
900 972 1009 1030 debent
1027 971 1140 1032 fauere
1159 973 1190 1031 in
1208 974 1268 1033 suis
1285 974 1362 1033 uotis

212 1055 262 1132 qui
276 1056 418 1113 intersunt
433 1053 530 1111 sacris.
577 1051 610 1112 C.

256 1155 322 1194 101.
355 1134 500 1194 Pedibus
530 1133 643 1193 laeuis.
701 1131 737 1191 In
764 1132 873 1209 gaudio
895 1134 1060 1207 'occurritur
1088 1134 1190 1194 dextro
1218 1135 1303 1212 pede,
1331 1137 1362 1196 in

211 1216 311 1276 sunere
332 1218 426 1275 laeuo.
471 1215 505 1274 C.

256 1318 322 1356 102.
344 1297 386 1355 Et
406 1298 537 1373 nigrae:
560 1295 632 1355 sicut
646 1296 676 1354 in
691 1295 800 1368 funere,
815 1296 883 1373 quia
895 1295 1001 1356 inuidis
1015 1297 1102 1356 funus
1115 1297 1245 1358 inminet.
1290 1299 1324 1359 C.

257 1399 322 1454 103.
345 1379 483 1438 ferales:
505 1378 523 1435 i.
538 1377 701 1436 mortiferas
716 1395 733 1434 a
748 1378 830 1437 seron
848 1379 929 1454 quod
943 1387 987 1436 est
1001 1389 1157 1439 mortuum.
1202 1379 1237 1440 C.

252 1463 374 1520 uittas:
405 1461 511 1536 quibus
535 1459 722 1517 inuoluuntur
751 1460 846 1535 capita
874 1468 1064 1531 mortuorum,
1089 1461 1136 1519 uel
1164 1461 1259 1520 tedas
1287 1480 1362 1538 quae

211 1542 376 1602 ferebantur
391 1543 429 1600 ad
448 1541 626 1616 sepulturam
648 1558 715 1599 cum
735 1559 797 1599 non
816 1550 893 1599 esset
909 1549 978 1600 tunc
996 1559 1067 1601 usus
1084 1542 1279 1616 candelarum,
1294 1543 1363 1620 quia

212 1643 249 1683 ex
264 1625 334 1701 ipsis
348 1623 562 1682 accendebatur
574 1622 650 1697 ignis
665 1623 725 1680 siue
740 1639 838 1697 rogus.
884 1620 917 1680 C.

257 1725 322 1778 104.
344 1705 470 1763 funeris
498 1722 554 1762 ara
581 1704 639 1762 tui.
690 1703 794 1779 Rogus
818 1712 862 1762 est
887 1720 1027 1762 accensus
1052 1722 1120 1764 cum
1145 1722 1205 1783 quo
1230 1716 1362 1764 mortuus

212 1787 399 1847 combureris
442 1786 485 1844 H.
533 1815 538 1825 ·

257 1883 323 1942 107.
348 1867 453 1925 Terra
479 1867 552 1925 tibi.
602 1865 681 1925 Ecce
708 1867 798 1925 uerba
825 1866 875 1925 tibi
904 1866 1069 1927 execrantia
1093 1868 1177 1944 quasi
1204 1867 1362 1928 sacerdotis

212 1949 407 2010 sacrificaturi.
452 1947 485 2007 C.

257 2049 323 2102 114.
345 2047 402 2088 ore
422 2039 604 2089 tremente:
626 2031 644 2088 i.
659 2028 789 2107 querulo,
805 2029 877 2088 sicut
896 2029 1048 2090 mendicus
1066 2048 1209 2109 quaerens
1222 2049 1275 2108 per
1289 2029 1363 2090 ostia

234 2130 328 2170 anem.
373 2109 405 2170 C.

212 2130 233 2190 p
258 2212 323 2267 119.
346 2192 471 2251 odium.
515 2191 593 2252 Odio
608 2190 742 2250 habearis
756 2210 792 2249 ex
806 2191 863 2250 tuis
879 2191 1107 2252 aduersitatibus.
1151 2192 1185 2252 C.

259 2293 323 2332 121.
345 2273 447 2332 solito
463 2273 582 2331 fauore
596 2274 614 2332 i.
629 2273 827 2331 miserantium
842 2275 1058 2350 compassione.
1102 2273 1137 2333 C.

258 2374 324 2414 122.
346 2353 522 2412 *Aerumnae
538 2356 635 2430 factis
660 2354 729 2430 quia
752 2354 820 2413 dicit
844 2355 921 2413 mala
943 2354 1069 2415 ualentia
1093 2356 1197 2414 inferre
1225 2364 1360 2414 mortem,

259 2531 324 2592 127.
346 2516 525 2575 Euenient.
566 2515 674 2576 Precor
693 2525 726 2576 ut
744 2516 816 2575 haec
835 2517 912 2577 mala
930 2517 1066 2576 eueniant
1080 2517 1131 2576 tibi
1152 2526 1182 2576 et
1198 2529 1275 2577 certe
1294 2537 1362 2578 eue-

212 2600 301 2658 nient.
346 2599 379 2658 C.

256 2679 343 2756 *quae
355 2680 430 2738 mihi
440 2680 523 2738 tarda
537 2680 633 2738 uenti:
653 2688 685 2737 ut
698 2696 796 2736 meam
810 2679 891 2739 finiat
905 2679 1059 2738 miseriam.
1104 2679 1137 2740 C.

258 2781 325 2837 132.
347 2779 419 2820 sera
442 2763 551 2819 uenit:
584 2770 726 2837 quantum
747 2760 784 2818 ad
805 2771 843 2834 te,
865 2763 933 2838 quia
953 2762 1042 2820 uelles
1064 2780 1112 2820 me
1134 2763 1194 2820 iarn
1214 2771 1362 2821 mortuum

213 2861 288 2915 esse,
304 2844 350 2902 uel
364 2852 505 2919 quantum
520 2843 557 2901 ad
571 2861 629 2912 me,
641 2843 708 2918 quia
721 2843 834 2903 miseris
850 2850 988 2902 mors‘est
1002 2844 1139 2901 inuocare
1153 2853 1286 2902 mortem.
1316 2843 1350 2903 C.

258 2940 325 2999 152.
347 2924 498 3000 plebeio:
522 2925 595 2982 sicut
609 2924 683 2982 solet
696 2924 802 2983 habere
817 2925 909 3002 plebs,
924 2926 993 3002 quia
1007 2942 1069 2983 non
1082 2924 1252 2984 honorifico.
1299 2925 1333 2985 C.

259 3020 325 3082 173.
346 3005 477 3082 Elysiis.
518 3005 609 3083 Elysii
623 3014 690 3064 sunt
704 3006 802 3082 campi
816 3006 940 3082 piorum.
984 3007 1018 3066 C.

257 3107 325 3165 ²09·
347 3087 456 3147 Natus
477 3105 512 3147 es
532 3087 658 3146 infelix.
701 3086 886 3146 Planetarum
907 3087 953 3146 alii
973 3087 1094 3163 benigni
1115 3097 1238 3158 tantum,
1259 3096 1292 3147 ut
1313 3087 1362 3146 Iu-

213 3170 289 3248 piter
308 3180 336 3228 et
350 3168 469 3240 Venus3
492 3169 539 3227 alii
558 3169 635 3239 mali,
651 3177 683 3226 ut
697 3167 778 3228 Mars
793 3179 821 3228 et
837 3169 977 3229 Saturnus
986 3189 995 3241 ;
1018 3170 1064 3227 alii
1079 3169 1250 3240 mediocres,
1265 3178 1297 3228 ut
1312 3168 1363 3228 Sol

213 3263 243 3312 et
257 3252 359 3323 Luna;
382 3269 452 3310 nam
468 3249 518 3308 Sol
533 3249 690 3327 aliquando
705 3269 756 3325 per
770 3259 922 3326 aspectum
937 3251 1060 3309 nociuus
1073 3260 1125 3310 est.
1170 3249 1204 3309 C.

254 3336 292 3392 ib.
314 3333 422 3390 Probat
435 3341 537 3390 auctor
550 3331 630 3408 quod
646 3330 717 3388 dixit
732 3349 820 3407 supra
834 3329 914 3407 quod
928 3341 1013 3408 aptus
1025 3332 1060 3390 sit
1073 3332 1189 3390 inuidus
1200 3331 1236 3390 ad
1251 3350 1363 3407 poenas

213 3414 437 3473 innumerabiles
453 3413 613 3488 patiendas
628 3421 657 3470 et
675 3412 732 3471 hoc
749 3412 853 3488 probat
872 3414 967 3488 primo
982 3422 1123 3489 quantum
1140 3414 1179 3472 ad
1197 3413 1291 3472 sidera
1305 3414 1362 3472 dis·

213 3496 362 3572 ponenda,
379 3505 411 3552 2⁰
425 3502 566 3570 quantum
581 3493 619 3551 ad
633 3493 717 3568 signa
731 3494 841 3551 malum
856 3494 1048 3569 significantia
1067 3495 1116 3566 ibi,
1134 3494 1206 3552 Lux
1227 3513 1362 3570 quoque

213 3576 343 3646 natalis,
356 3577 440 3633 tertio
451 3583 594 3650 quantum
608 3575 647 3632 ad
660 3573 719 3632 lata
729 3575 918 3651 cooperantia
930 3576 978 3648 ibi,
990 3575 1146 3635 Protinus
1159 3576 1364 3653 Eumenides

212 3658 260 3716 uel
274 3659 321 3730 ibi,
337 3656 438 3717 Sedit.
485 3654 518 3714 C.

249 3869 293 3932 9⁶·
312 3866 514 3934 imprecationis
526 3867 666 3921 execratio
679 3868 707 3923 C.

249 3953 292 4004 97.
312 3938 358 4005 qui
371 3936 474 3990 debent
487 3939 516 3993 C.

251 4025 311 4061 102.
328 4007 401 4060 funis
413 4009 442 4061 C.

252 4096 311 4143 ¹03·
330 4077 424 4147 uittas]
439 4078 528 4130 uictus
540 4079 568 4132 C.

252 4164 311 4213 107.
329 4148 415 4201 uerba
426 4149 477 4200 tibi
489 4151 525 4202 sic
537 4151 612 4204 codex
682 4153 838 4205 execrantia
850 4154 879 4208 C.

251 4238 311 4285 ¹14·
329 4218 419 4272 hostia
431 4219 459 4272 C.

251 4306 310 4355 127.
328 4290 457 4343 euenient
469 4290 498 4344 C.

252 4379 310 4427 132.
330 4367 469 4414 mortuum
482 4377 540 4414 esse
553 4361 597 4416 uel
609 4361 660 4415 tibi
673 4369 701 4416 et
714 4368 756 4416 est
770 4363 843 4418 idem
856 4379 948 4417 sensus
961 4365 991 4420 G.

252 4448 311 4497 171.
329 4432 396 4486 elisii
408 4434 436 4488 G.

251 4521 311 4571 209.
330 4504 404 4572 quod
417 4504 491 4573 quod
503 4503 530 4558 d.
544 4520 565 4560 s.
579 4505 607 4559 G.
