3038 5010
231 402 286 456 128
636 393 980 455 COMMENTARIVS.

225 555 316 623 μαρφδ
335 554 364 607 τὸ
382 553 462 607 πάλαι
482 551 587 621 θράσος·
608 550 624 603 ἆ
643 551 666 603 δ’
683 551 814 621 άγέρωχος
833 549 927 603 Λύσσα
946 549 986 603 καί
1005 551 1031 603 ε’ν
1049 549 1138 622 χαλκῷ
1158 552 1224 603 κεῖνο
1241 552 1271 603 τὸ
1289 553 1381 619 πικρδν

227 626 281 694 ἔχει
303 635 331 678 et
352 625 407 677 hoc
429 641 492 676 esse
514 626 672 688 disparem
694 626 822 676 arritum.
863 624 968 675 Contra
992 621 1120 690 Heynius
1142 621 1170 674 in
1192 623 1320 676 Excursu
1343 624 1381 678 ad

226 697 297 752 Aen.
318 693 364 749 vii.
386 695 439 762 689
458 694 632 761 μονοκρηπῖδο
651 693 691 746 sic
711 693 909 762 interpretatus
929 702 972 746 est
993 692 1072 761 quasi
1093 709 1149 745 uno
1171 701 1280 746 tantum
1299 711 1380 748 crure

226 776 340 819 ocreato
368 764 450 818 fuerit
479 766 622 832 Lycurgus
654 774 739 833 atque
770 764 835 817 ideo
865 762 974 817 facilius
1007 761 1086 817 alteri
1113 764 1214 816 falcem
1240 763 1380 818 inflixerit.

226 839 295 890 347.
315 839 437 889 Oetaeo.
472 834 586 889 Herculi
600 834 647 904 qui
661 834 689 887 in
704 836 777 887 Oeta
790 844 885 887 monte
899 833 988 902 periit.
1026 835 1049 886 F
1052 850 1162 886 urorem
1178 833 1308 887 Herculis
1321 852 1379 888 non

226 924 291 959 eum
312 905 437 973 intelligo
459 922 515 974 quo
535 915 679 973 correptus
701 904 807 958 Lichan
830 921 864 957 ex
884 906 958 958 Oeta
977 903 1088 971 deiecit,
1108 902 1159 956 sed
1180 903 1302 972 priorem
1322 921 1379 974 quo

226 976 374 1030 instinctus
394 975 500 1042 regiam
520 975 626 1029 Thebis
646 985 792 1044 tamquam
813 977 952 1043 Mycenae
968 983 1064 1028 essent
1077 973 1227 1027 demolitus
1244 983 1295 1042 est,
1313 992 1380 1029 mox

225 1047 329 1100 liberos
343 1056 371 1100 et
385 1063 499 1099 uxorem
514 1048 662 1114 Megaram
682 1045 828 1100 interfecit.
867 1045 1005 1098 Fabulam
1023 1055 1171 1099 narrarunt
1185 1044 1336 1114 Euripides
1350 1046 1378 1099 in

225 1114 351 1185 Ἡρακλεῖ
368 1117 527 1187 Μοινομένῳ,
547 1117 656 1170 Seneca
675 1115 703 1168 in
718 1117 840 1170 Hercule
854 1117 984 1169 Furente.
1016 1131 1190 1179 generoque
1207 1119 1380 1170 draconum

225 1187 400 1254 Athamanti,
415 1186 458 1240 cui
478 1186 572 1254 nupsit
594 1189 645 1239 lno
665 1187 721 1240 filia
742 1187 842 1239 Cadmi
862 1195 889 1240 et
910 1185 1092 1239 Harmoniae.
1141 1185 1197 1239 Hic
1216 1187 1250 1238 ab
1270 1187 1380 1240 Iunone

211 1259 340 1311 ·insant'a
353 1258 454 1310 abr'ecia
466 1257 622 1310 Learchum
628 1259 727 1326 filium
740 1257 880 1327 interjecit
893 1258 966 1324 Hyg.
982 1271 1006 1309 2.
1044 1258 1119 1310 Fast.
1134 1255 1168 1310 iv.
1183 1257 1241 1324 489.
1307 1260 1378 1313 348.

225 1331 444 1391 Tisamenique
464 1331 549 1392 patri
569 1328 671 1381 Oresti.
703 1329 785 1382 Paus.
800 1327 825 1381 il.
844 1325 1051 1395 18.6’ορέστου
1073 1326 1100 1379 δέ
1122 1326 1295 1381 ἀποθανόντος
1313 1328 1379 1397 ἔσχε

225 1401 367 1462 Τισάμενος
386 1399 431 1464 τὴν
449 1398 530 1468 ἀρχὴν
547 1396 680 1468 Ἑρμιόνης
698 1400 743 1464 τῆς
761 1399 893 1450 Μενελάου
912 1399 952 1449 καὶ
971 1394 1097 1464 Ὀρέστου
1115 1399 1181 1451 παῖς.
1213 1397 1377 1466 (Micyllus.)

226 1471 464 1532 Callirhoesque
476 1472 555 1522 uiro.
587 1468 760 1531 Alcmaeoni,
774 1468 820 1538 qui
835 1467 988 1537 Eriphylae
1007 1467 1104 1521 matris
1123 1467 1286 1522 interfectae
1299 1468 1378 1522 furiis

226 1551 305 1593 actus
319 1557 352 1592 ex
372 1539 454 1606 Argis
472 1539 593 1608 profugit
613 1539 641 1591 in
660 1539 813 1592 Arcadiam
830 1549 857 1593 et
878 1537 943 1592 inde
963 1538 1000 1592 ad
1017 1539 1182 1606 Acheloum,
1195 1538 1243 1592 ubi
1261 1538 1378 1608 resipuit

225 1621 253 1665 et
277 1609 394 1663 Acheloi
421 1609 508 1662 filiam
534 1609 694 1663 Callirhoen
714 1609 790 1663 duxit
817 1611 899 1662 Paus.
918 1609 975 1662 viii.
994 1624 1036 1674 24.
1056 1624 1084 1676 4,·
1100 1609 1230 1677 Apollod.
1250 1608 1289 1662 iii.
1306 1623 1330 1675 7.
1354 1623 1377 1678 5.

226 1680 320 1733 Aliam
349 1679 508 1733 Callirhoen
540 1690 677 1734 memorat
710 1680 865 1733 Pausanias
896 1679 942 1733 vii.
971 1695 1002 1733 21
1034 1680 1079 1748 (cf.
1111 1680 1267 1732 Buecheler
1302 1682 1376 1734 Mus.

227 1753 318 1804 Rhen.
342 1768 365 1804 a.
394 1751 468 1818 1879,
499 1768 526 1819 p.
546 1750 608 1817 347)
646 1768 730 1819 quarn
755 1752 875 1804 Coresus
901 1750 1033 1803 sacerdos
1059 1749 1164 1803 Bacchi
1190 1766 1254 1802 cum
1276 1750 1379 1804 frustra

227 1832 334 1875 amaret
360 1837 393 1873 ac
422 1820 499 1874 iussu
530 1821 634 1874 oraculi
661 1820 810 1874 Dodonaei
835 1839 886 1890 pro
913 1819 1083 1890 Calydoniis,
1109 1820 1210 1889 quibus
1236 1819 1281 1872 hic
1306 1821 1377 1874 deus

226 1892 353 1946 diuinum
371 1892 493 1944 furorem
512 1890 674 1960 immiserat,
694 1892 731 1944 ad
750 1909 828 1944 aram
847 1891 955 1945 uideret
974 1891 1037 1944 duci
1057 1901 1086 1944 ut
1105 1908 1123 1945 a
1142 1908 1172 1944 se
1191 1890 1253 1959 ipso
1270 1901 1377 1945 macta·

225 1973 308 2030 retur,
331 1962 391 2030 ipse
415 1979 465 2014 sua
487 1979 572 2015 manu
594 1962 665 2015 mori
684 1962 789 2015 maluit.
829 1961 886 2016 Sed
906 1962 1040 2015 Ouidium
1057 1961 1092 2014 de
1108 1962 1282 2014 Alcmaeone
1300 1960 1376 2031 loqui

134 2092 136 2097 ,
226 2042 304 2101 patet
324 2050 358 2085 ex
378 2032 468 2086 Plauti
490 2034 568 2101 Capt.
589 2032 627 2086 iii.
646 2048 669 2098 4.
691 2047 726 2099 30
744 2033 790 2086 ubi
815 2035 957 2101 Lycurgus
975 2034 1132 2085 Alcmaeon
1155 2033 1270 2085 Orestes
1293 2031 1376 2085 simili

226 2104 312 2156 modo
332 2102 545 2170 coniunguntur.
633 2106 702 2156 349.
721 2110 866 2157 matrona
885 2104 919 2157 ‘a
938 2104 1065 2156 consort'
1085 2102 1102 2156 i.
1112 2120 1136 2157 e.
1156 2119 1225 2155 uxor
1243 2101 1377 2157 adiuncta

225 2173 341 2226 notione
360 2172 504 2240 dignitatis
522 2173 743 2243 sanctitatisque.
783 2176 849 2227 Her.
865 2193 889 2226 v.
904 2175 936 2241 83
949 2175 1016 2226 Nan
1032 2179 1126 2227 tamen
1141 2179 1192 2227 at.
1207 2214 1213 2227 .
1228 2213 1234 2226 .
1247 2173 1378 2226 Hecubae

221 2245 329 2311 saarim
353 2244 560 2297 dissimulanda
585 2260 683 2298 nurus.
720 2245 873 2314 Dignaque
896 2262 959 2297 sum
983 2249 1011 2297 et
1032 2246 1114 2312 capia
1131 2245 1203 2313 fieri
1224 2253 1377 2297 matrona

220 2316 353 2384 patentis.
443 2317 511 2367 350.
531 2317 602 2374 Qua
622 2315 739 2383 Aegiale
762 2333 846 2369 uxore
870 2314 1026 2369 Diomedis.
1065 2317 1154 2368 Tzetz.
1177 2314 1214 2367 ad
1238 2315 1301 2381 Lyc.
1323 2314 1377 2367 610

226 2384 260 2438 ὡς
280 2384 427 2453 Μίμνερμος
447 2383 526 2453 λέγει,
546 2385 595 2438 ὑπὸ
615 2385 757 2453 Διομήδους
777 2384 906 2454 τρωθεῖσα
926 2385 940 2452 ἡ
963 2382 1114 2451 Ἀφροδίτη,
1134 2382 1312 2454 παρεσκεύασε
1331 2384 1377 2450 τὴν

226 2454 375 2524 Αίγιιίλειον
386 2457 496 2508 πολλοῖς
509 2455 554 2523 μέν
566 2458 667 2524 μοιχοῖς
678 2457 849 2523 μοιχευθῆναι·
877 2455 1077 2525 συγκοιμηθῆναι
1090 2455 1118 2508 δέ
1131 2457 1171 2508 καὶ
1184 2455 1219 2524 τῷ
1231 2452 1377 2526 Ἱππολύτῳ

226 2527 266 2578 καὶ
280 2523 383 2591 Κομίητη
402 2527 437 2594 τῷ
452 2524 576 2577 Σθενελου
595 2527 649 2596 υἱῲ.
688 2526 764 2579 Hinc
779 2527 946 2596 Lycophron
959 2524 1101 2579 612Ὅταν
1119 2525 1247 2595 θρασεῖα
1266 2524 1377 2593 θουρὰς

227 2593 691 2665 οἷστρησῃκύωνΠρὸςλέκτρο.
790 2601 855 2650 351.
874 2601 1031 2660 Quaeque.
1068 2598 1112 2649 Ex
1126 2597 1256 2664 Polyaen.
1270 2595 1327 2648 viii.
1344 2607 1375 2664 57

226 2665 332 2734 primus
362 2665 529 2734 interpretor
556 2667 593 2719 de
616 2667 737 2721 Arsinoe
769 2667 939 2736 Lysimachi,
963 2684 1029 2720 mox
1058 2666 1213 2721 Ptolemaei
1245 2666 1375 2733 Cerauni,

225 2745 369 2804 postremo
388 2736 542 2790 Ptolemaei
557 2735 733 2807 Philadelphi
747 2739 874 2807 coniuge,
887 2755 960 2808 quae
976 2747 1006 2792 ut
1020 2737 1129 2791 Seleuci
1143 2737 1246 2791 milites
1258 2736 1375 2804 fugeret,

226 2806 334 2875 Ephesi
356 2806 476 2874 moenia,
496 2824 551 2876 quo
572 2808 743 2876 confugerat,
763 2809 947 2877 destruentes,
969 2807 1100 2862 ancillam
1120 2807 1206 2876 regali
1232 2817 1311 2860 ueste
1333 2807 1375 2859 in-

226 2876 325 2930 dutam
349 2877 465 2931 lecticae
484 2877 593 2946 indidit,
616 2879 807 2949 satellitesque
832 2877 1032 2944 circumdedit;
1054 2895 1109 2948 quo
1134 2877 1252 2932 artificio
1273 2877 1376 2931 ancilla

227 2965 363 3017 oppressa
375 2959 427 3016 est,
439 2947 559 3002 Arsinoe
573 2949 676 3034 effugit.
704 2949 825 3020 Ἀρσινόη
840 2950 992 3018 Λυσιμάχου
1004 2953 1049 3002 τοῦ
1062 2948 1154 3017 ἄνδρας
1166 2945 1376 3016 τελευτησαντος,

224 3020 339 3087 μεγάλης
357 3020 470 3088 ταραχῆς
491 3023 570 3087 οὔσης
591 3020 619 3071 ε’ν
644 3022 752 3091 Εφέσερ,
765 3021 805 3072 καὶ
822 3026 872 3074 τῶν
891 3021 1087 3085 σελευκιζόντων
1105 3020 1136 3071 τὰ
1154 3019 1226 3088 τείχη
1245 3020 1378 3080 καταβαλ-

226 3091 325 3142 λόντων
346 3090 387 3142 καὶ
406 3091 451 3144 τὰς
472 3089 555 3144 πύλας
574 3089 735 3158 ἀνοιγόντων,
752 3090 787 3146 εἷς
805 3091 851 3157 μέν
869 3093 898 3144 τὸ
917 3093 1025 3160 φορεῖον
1042 3090 1072 3144 τδ
1090 3091 1227 3154 βασιλικὸν
1245 3087 1376 3142 κατέκλινε

226 3159 379 3227 θεράπαιναν
388 3159 486 3226 στολὴν
494 3160 629 3228 περιθεῖσα
638 3161 785 3229 βασιλικὴν,
796 3162 836 3215 καὶ
845 3159 1000 3230 περιέστησε
1012 3161 1127 3215 πολλοὺς
1136 3165 1186 3213 τῶν
1196 3160 1375 3214 ὑπασπιστῶν.

226 3229 288 3296 αὐτὴ
310 3229 338 3283 δέ
358 3231 547 3300 περιβαλομένη
567 3229 641 3299 ῥάκια
662 3233 703 3285 καὶ
722 3235 886 3301 προσωπεῖον
907 3230 1093 3300 ε’ῤῥυπωμένον,
1115 3229 1169 3284 καθ’
1188 3231 1277 3299 έτέραν
1296 3228 1377 3298 θύραν

226 3299 320 3368 ἐξῆλθε
343 3303 415 3368 μόνη,
444 3303 484 3355 καὶ
509 3301 644 3371 δραμοῦσα
668 3302 709 3356 ε’πὶ
734 3304 779 3356 τὰς
803 3306 862 3356 ναῦς
880 3302 1037 3356 ἀπέπλευσε.
1073 3303 1240 3368 Μενεκράτης,
1265 3296 1301 3354 εἶς
1325 3306 1376 3354 τῶν

226 3368 364 3440 ἡγεμόνων,
377 3371 412 3442 τῷ
424 3372 523 3442 φορείῳ
534 3374 694 3439 προσπεσὼν
706 3373 872 3439 κατεκέντησε
884 3372 929 3439 τὴν
941 3373 1101 3438 θεράπαιναν,
1115 3372 1228 3439 οἰόμενος
1239 3369 1377 3439 Ἀρσινόην

226 3440 352 3509 φονεύειν.
389 3458 461 3495 oum
478 3444 576 3497 fratre
594 3447 709 3497 mariti.
747 3443 940 3512 Philadelpho,
959 3443 1043 3496 fratre
1067 3441 1221 3498 Ptolemaei
1244 3442 1375 3497 Cerauni.

228 3512 304 3564 Nam
327 3512 436 3582 utrique
458 3523 539 3582 pater
561 3515 739 3568 Ptolemaeus
765 3516 855 3582 Soter,
881 3515 931 3568 sed
956 3513 1021 3566 huic
1047 3531 1080 3567 ex
1106 3513 1257 3582 Eurydica,
1279 3511 1318 3564 illi
1337 3530 1375 3565 ex

228 3582 372 3636 Berenica.
411 3586 448 3636 At
473 3583 560 3651 ipsius
582 3585 720 3638 Arsinoae
742 3585 827 3638 frater
850 3584 901 3639 fuit
925 3583 1133 3666 Philadelphus.
1177 3583 1292 3647 Audio;
1323 3582 1375 3635 sed

226 3652 296 3705 nihil
309 3653 363 3705 hoc
376 3653 493 3707 adrem.
532 3655 608 3707 Nam
622 3655 650 3707 in
663 3673 697 3708 eo
710 3655 850 3723 flagitiosa
863 3656 982 3709 habetur
996 3657 1123 3722 Arsinoe,
1136 3670 1193 3706 non
1207 3654 1283 3723 quod
1295 3651 1374 3706 fratri

226 3722 321 3790 nupsit
346 3723 423 3791 (nam
446 3723 532 3776 etiam
555 3726 699 3779 Ceraunus
719 3727 805 3779 frater
824 3726 886 3794 fuit)
906 3726 957 3779 sed
976 3726 1052 3794 quod
1073 3735 1224 3794 postquam
1244 3725 1374 3777 Cerauno

226 3803 368 3861 nupserat,
388 3810 452 3846 cum
471 3793 553 3847 huius
577 3796 703 3848 nondum
725 3796 825 3850 mortui
848 3797 932 3849 fratre
955 3796 1140 3864 Philadelpho
1160 3794 1260 3848 iterum
1278 3793 1376 3848 matri-

227 3863 353 3915 monium
372 3864 445 3917 fecit.
466 3916 470 3923 ,
536 3868 605 3919 352.
623 3870 733 3921 Locris
751 3867 871 3920 Arsinoe
891 3866 966 3920 dicta
988 3876 1031 3919 est
1052 3866 1139 3920 etiam
1161 3883 1178 3919 a
1199 3864 1375 3918 Callimacho

227 3931 255 3984 in
271 3934 360 3986 Coma
374 3933 531 3988 Berenices.
562 3935 636 3989 Vide
648 3954 694 3990 me
708 3938 744 3990 ad
758 3940 817 3991 Cat.
832 3936 894 3991 lxvi.
911 3950 951 4004 54.
982 3941 1017 3990 in
1029 3940 1162 3990 ancillae
1175 3939 1376 3990 dissimulata

226 4019 309 4069 neae,
333 4003 428 4057 ‘when
450 4006 500 4058 she
525 4006 582 4059 had
606 4007 678 4060 been
701 4007 845 4076 disguised
866 4007 894 4060 in
916 4010 964 4061 the
985 4024 1088 4076 person
1110 4006 1175 4061 ola
1194 4005 1375 4074 slaughtered

227 4073 447 4143 maid-servant,'
467 4076 493 4129 h.
506 4093 528 4129 e.
552 4087 702 4146 postquam
722 4096 772 4146 per
793 4078 924 4131 ancillam
946 4088 1098 4147 personata
1117 4078 1207 4131 fuerat
1227 4087 1374 4145 tamquam

226 4153 301 4196 esset
314 4144 442 4213 Arsinoe,
456 4156 483 4199 et
497 4146 537 4199 sic
550 4148 602 4200 sub
616 4149 681 4201 ficta
700 4148 793 4217 specie
806 4159 924 4202 necatae
937 4148 1085 4201 incolumis
1098 4157 1234 4201 euaserat.
1268 4146 1374 4200 Similis

225 4231 292 4267 usus
306 4232 350 4294 ap,
363 4216 424 4268 Val.
440 4218 480 4269 Fl.
495 4216 529 4270 vi.
546 4230 595 4285 533
612 4220 696 4287 inque
707 4221 754 4272 dei
764 4220 851 4273 latuit
862 4226 968 4273 terrore
979 4220 1088 4288 Lycaei.
1125 4220 1162 4272 Et
1175 4220 1375 4271 dissimulata

225 4294 301 4338 recte
322 4285 444 4340 dicitur:
473 4287 575 4341 ancilla
597 4289 671 4341 enirn
693 4289 820 4357 reginam
842 4299 870 4343 et
891 4289 1034 4342 simulauit
1059 4290 1086 4342 h.
1108 4307 1132 4343 e.
1158 4287 1320 4358 personauit
1335 4298 1374 4342 et

225 4354 413 4410 dissimulauit
432 4357 492 4411 h.e.
513 4359 622 4412 celauit.
672 4360 835 4413 Menenium
854 4360 881 4412 in
900 4360 974 4413 bello
994 4359 1069 4413 ciuili
1087 4376 1184 4412 seruus
1201 4358 1300 4412 induta
1313 4357 1374 4412 erili

224 4436 304 4479 ueste
329 4437 356 4480 et
381 4427 510 4481 lecticam
533 4447 583 4498 pro
605 4446 639 4483 eo
663 4429 832 4485 inscendens
858 4431 898 4484 sic
921 4429 1043 4484 seruauit
1065 4433 1137 4498 App.
1160 4431 1193 4482 B.
1217 4430 1247 4482 C.
1271 4428 1307 4483 iv.
1329 4444 1371 4495 44

224 4497 318 4550 Aliam
332 4497 444 4567 interpr.
459 4499 487 4552 in
501 4502 627 4553 Excursu
641 4500 744 4554 addidi.
818 4505 885 4555 353.
904 4503 997 4555 fideli.
1030 4503 1082 4569 Ag.
1096 4501 1149 4554 606
1161 4503 1265 4570 γυναῖκα
1277 4500 1375 4568 πιστὴν
