<?xml version="1.0" encoding="UTF-8"?>
<!DOCTYPE html PUBLIC "-//W3C//DTD XHTML 1.0 Transitional//EN"
    "http://www.w3.org/TR/xhtml1/DTD/xhtml1-transitional.dtd">
<html xmlns="http://www.w3.org/1999/xhtml" xml:lang="en" lang="en">
 <head>
  <title>
</title>
<meta http-equiv="Content-Type" content="text/html;charset=utf-8" />
  <meta name='ocr-system' content='tesseract 3.04.00' />
  <meta name='ocr-capabilities' content='ocr_page ocr_carea ocr_par ocr_line ocrx_word'/>
</head>
<body>
  <div class='ocr_page' id='page_1' title='image "./povidiinasonisi00elligoog_0182.png"; bbox 0 0 3038 5010; ppageno 0'>
   <div class='ocr_carea' id='block_1_1' title="bbox 552 388 1298 449">
    <p class='ocr_par' dir='ltr' id='par_1_1' title="bbox 552 388 1298 449">
     <span class='ocr_line' id='line_1_1' title="bbox 552 388 1298 449; baseline -0.004 0"><span class='ocrx_word' id='word_1_1' title='bbox 552 388 898 449; x_wconf 86' lang='lat' dir='ltr'><strong>COMMENTARIVS.</strong></span> <span class='ocrx_word' id='word_1_2' title='bbox 1016 426 1021 434; x_wconf 89' lang='lat'><em>-</em></span> <span class='ocrx_word' id='word_1_3' title='bbox 1242 394 1298 447; x_wconf 87' lang='grc'><strong>117</strong></span> 
     </span>
    </p>
   </div>
   <div class='ocr_carea' id='block_1_2' title="bbox 149 543 1298 616">
    <p class='ocr_par' dir='ltr' id='par_1_2' title="bbox 149 543 1298 616">
     <span class='ocr_line' id='line_1_2' title="bbox 149 543 1298 616; baseline 0.003 -21"><span class='ocrx_word' id='word_1_4' title='bbox 149 543 217 610; x_wconf 70' lang='grc' dir='ltr'>ἱερὸν</span> <span class='ocrx_word' id='word_1_5' title='bbox 229 549 288 597; x_wconf 90' lang='grc' dir='ltr'>νόον</span> <span class='ocrx_word' id='word_1_6' title='bbox 300 543 480 612; x_wconf 81' lang='grc' dir='ltr'>ἀνθρώποισιν.</span> <span class='ocrx_word' id='word_1_7' title='bbox 518 551 558 598; x_wconf 76' lang='lat' dir='ltr'><strong>To</strong></span> <span class='ocrx_word' id='word_1_8' title='bbox 577 547 618 598; x_wconf 89' lang='grc' dir='ltr'>καί</span> <span class='ocrx_word' id='word_1_9' title='bbox 636 547 660 598; x_wconf 80' lang='grc' dir='ltr'><strong>οἱ</strong></span> <span class='ocrx_word' id='word_1_10' title='bbox 678 547 758 616; x_wconf 83' lang='grc' dir='ltr'>γήρας</span> <span class='ocrx_word' id='word_1_11' title='bbox 776 546 822 613; x_wconf 77' lang='grc' dir='ltr'><strong>μὲν</strong></span> <span class='ocrx_word' id='word_1_12' title='bbox 836 545 879 598; x_wconf 83' lang='grc' dir='ltr'>ε’πὶ</span> <span class='ocrx_word' id='word_1_13' title='bbox 897 544 999 611; x_wconf 83' lang='grc' dir='ltr'>δηναιὸν</span> <span class='ocrx_word' id='word_1_14' title='bbox 1015 543 1113 612; x_wconf 84' lang='grc' dir='ltr'>ἰἀλλεν,</span> <span class='ocrx_word' id='word_1_15' title='bbox 1131 543 1177 595; x_wconf 87' lang='grc' dir='ltr'><strong>Ἐκ</strong></span> <span class='ocrx_word' id='word_1_16' title='bbox 1195 543 1217 597; x_wconf 85' lang='grc' dir='ltr'><strong>δ’</strong></span> <span class='ocrx_word' id='word_1_17' title='bbox 1232 543 1298 598; x_wconf 77' lang='grc' dir='ltr'>ἕλετ’</span> 
     </span>
    </p>
   </div>
   <div class='ocr_carea' id='block_1_3' title="bbox 148 613 1297 694">
    <p class='ocr_par' dir='ltr' id='par_1_3' title="bbox 148 613 1297 694">
     <span class='ocr_line' id='line_1_3' title="bbox 148 613 1297 694; baseline 0.003 -27"><span class='ocrx_word' id='word_1_18' title='bbox 148 613 293 694; x_wconf 74' lang='grc' dir='ltr'>άφθαλμῶν</span> <span class='ocrx_word' id='word_1_19' title='bbox 305 617 431 684; x_wconf 74' lang='grc' dir='ltr'>γλυκερὸν</span> <span class='ocrx_word' id='word_1_20' title='bbox 443 617 512 685; x_wconf 76' lang='grc' dir='ltr'>φάος</span> <span class='ocrx_word' id='word_1_21' title='bbox 524 618 576 686; x_wconf 90' lang='lat' dir='ltr'><strong>Ap.</strong></span> <span class='ocrx_word' id='word_1_22' title='bbox 592 619 627 671; x_wconf 93' lang='lat' dir='ltr'><strong>R.</strong></span> <span class='ocrx_word' id='word_1_23' title='bbox 641 616 666 670; x_wconf 94' lang='lat' dir='ltr'><strong>ii.</strong></span> <span class='ocrx_word' id='word_1_24' title='bbox 685 617 812 685; x_wconf 87' lang='lat'>179-184.</span> <span class='ocrx_word' id='word_1_25' title='bbox 885 632 948 679; x_wconf 91' lang='lat' dir='ltr'><strong>quo</strong></span> <span class='ocrx_word' id='word_1_26' title='bbox 965 619 1177 680; x_wconf 80' lang='lat' dir='ltr'><strong>praecipiente</strong></span> <span class='ocrx_word' id='word_1_27' title='bbox 1196 617 1248 685; x_wconf 90' lang='lat' dir='ltr'><strong>Ap.</strong></span> <span class='ocrx_word' id='word_1_28' title='bbox 1264 618 1297 670; x_wconf 94' lang='lat' dir='ltr'><strong>R.</strong></span> 
     </span>
    </p>
   </div>
   <div class='ocr_carea' id='block_1_4' title="bbox 123 683 1300 4559">
    <p class='ocr_par' dir='ltr' id='par_1_4' title="bbox 123 683 1300 4559">
     <span class='ocr_line' id='line_1_4' title="bbox 148 683 1299 756; baseline 0.003 -20"><span class='ocrx_word' id='word_1_29' title='bbox 148 683 174 738; x_wconf 88' lang='lat' dir='ltr'><strong>li.</strong></span> <span class='ocrx_word' id='word_1_30' title='bbox 189 688 312 754; x_wconf 86' lang='lat'>328-329</span> <span class='ocrx_word' id='word_1_31' title='bbox 326 685 412 756; x_wconf 76' lang='grc' dir='ltr'>Οἰωνῷ</span> <span class='ocrx_word' id='word_1_32' title='bbox 431 687 460 752; x_wconf 80' lang='grc' dir='ltr'><strong>δὴ</strong></span> <span class='ocrx_word' id='word_1_33' title='bbox 477 688 578 755; x_wconf 86' lang='grc' dir='ltr'>πρόσθε</span> <span class='ocrx_word' id='word_1_34' title='bbox 594 687 709 739; x_wconf 81' lang='grc' dir='ltr'>πελειάδι</span> <span class='ocrx_word' id='word_1_35' title='bbox 725 685 899 754; x_wconf 73' lang='grc' dir='ltr'>πειρήσασθαι</span> <span class='ocrx_word' id='word_1_36' title='bbox 913 687 980 752; x_wconf 86' lang='grc' dir='ltr'>Νηὸς</span> <span class='ocrx_word' id='word_1_37' title='bbox 995 685 1215 754; x_wconf 86' lang='grc' dir='ltr'>άποπρομεθέντες</span> <span class='ocrx_word' id='word_1_38' title='bbox 1230 685 1299 753; x_wconf 80' lang='grc' dir='ltr'>ε’φιέ-</span> 
     </span>
     <span class='ocr_line' id='line_1_5' title="bbox 147 755 1298 826; baseline 0.005 -22"><span class='ocrx_word' id='word_1_39' title='bbox 147 776 199 822; x_wconf 77' lang='grc' dir='ltr'>μεν.</span> <span class='ocrx_word' id='word_1_40' title='bbox 285 758 353 809; x_wconf 83' lang='grc'>266.</span> <span class='ocrx_word' id='word_1_41' title='bbox 373 761 436 810; x_wconf 81' lang='lat' dir='ltr'><strong>rati</strong></span> <span class='ocrx_word' id='word_1_42' title='bbox 448 758 534 826; x_wconf 85' lang='lat' dir='ltr'><strong>Arge,</strong></span> <span class='ocrx_word' id='word_1_43' title='bbox 547 767 576 811; x_wconf 93' lang='lat' dir='ltr'><strong>ut</strong></span> <span class='ocrx_word' id='word_1_44' title='bbox 591 757 796 826; x_wconf 89' lang='lat' dir='ltr'><strong>Symplegadas</strong></span> <span class='ocrx_word' id='word_1_45' title='bbox 808 755 959 810; x_wconf 87' lang='lat' dir='ltr'>transirent</span> <span class='ocrx_word' id='word_1_46' title='bbox 972 758 1152 825; x_wconf 86' lang='lat' dir='ltr'>Argonautae</span> <span class='ocrx_word' id='word_1_47' title='bbox 1168 757 1241 824; x_wconf 91' lang='lat' dir='ltr'><strong>Hyg.</strong></span> <span class='ocrx_word' id='word_1_48' title='bbox 1259 772 1298 824; x_wconf 91' lang='lat'><strong>19.</strong></span> 
     </span>
     <span class='ocr_line' id='line_1_6' title="bbox 147 826 1297 896; baseline 0.004 -20"><span class='ocrx_word' id='word_1_49' title='bbox 147 827 215 880; x_wconf 85' lang='lat'><strong>267.</strong></span> <span class='ocrx_word' id='word_1_50' title='bbox 237 828 360 890; x_wconf 78' lang='lat' dir='ltr'><strong>Quique</strong></span> <span class='ocrx_word' id='word_1_51' title='bbox 382 830 482 881; x_wconf 81' lang='lat' dir='ltr'><strong>oeulis</strong></span> <span class='ocrx_word' id='word_1_52' title='bbox 500 832 603 881; x_wconf 80' lang='lat' dir='ltr'><strong>caruit</strong></span> <span class='ocrx_word' id='word_1_53' title='bbox 622 829 826 896; x_wconf 91' lang='lat' dir='ltr'><strong>Polymnestor.</strong></span> <span class='ocrx_word' id='word_1_54' title='bbox 897 830 979 880; x_wconf 89' lang='lat' dir='ltr'><strong>male</strong></span> <span class='ocrx_word' id='word_1_55' title='bbox 999 826 1027 879; x_wconf 97' lang='lat' dir='ltr'><strong>in</strong></span> <span class='ocrx_word' id='word_1_56' title='bbox 1051 827 1186 880; x_wconf 90' lang='lat' dir='ltr'><strong>damnum</strong></span> <span class='ocrx_word' id='word_1_57' title='bbox 1208 844 1297 881; x_wconf 90' lang='lat' dir='ltr'><strong>suum.</strong></span> 
     </span>
     <span class='ocr_line' id='line_1_7' title="bbox 148 897 1298 965; baseline 0.003 -17"><span class='ocrx_word' id='word_1_58' title='bbox 148 911 262 948; x_wconf 87' lang='lat' dir='ltr'><strong>aurum</strong></span> <span class='ocrx_word' id='word_1_59' title='bbox 282 897 413 965; x_wconf 89' lang='lat' dir='ltr'>Polydori</span> <span class='ocrx_word' id='word_1_60' title='bbox 435 899 505 952; x_wconf 89' lang='lat' dir='ltr'><strong>Hec.</strong></span> <span class='ocrx_word' id='word_1_61' title='bbox 523 899 596 951; x_wconf 85' lang='lat'><strong>1206.</strong></span> <span class='ocrx_word' id='word_1_62' title='bbox 704 900 773 951; x_wconf 88' lang='grc'>268.</span> <span class='ocrx_word' id='word_1_63' title='bbox 793 899 928 951; x_wconf 78' lang='lat' dir='ltr'><strong>Inferias</strong></span> <span class='ocrx_word' id='word_1_64' title='bbox 949 900 1036 950; x_wconf 82' lang='lat' dir='ltr'>dedit</span> <span class='ocrx_word' id='word_1_65' title='bbox 1060 898 1180 950; x_wconf 91' lang='lat' dir='ltr'><strong>Hecuba</strong></span> <span class='ocrx_word' id='word_1_66' title='bbox 1202 898 1298 951; x_wconf 89' lang='lat' dir='ltr'><strong>oculos</strong></span> 
     </span>
     <span class='ocr_line' id='line_1_8' title="bbox 149 966 1299 1037; baseline 0.005 -21"><span class='ocrx_word' id='word_1_67' title='bbox 149 966 370 1033; x_wconf 86' lang='lat' dir='ltr'>Polymnestoris</span> <span class='ocrx_word' id='word_1_68' title='bbox 396 968 497 1037; x_wconf 91' lang='lat' dir='ltr'><strong>quibus</strong></span> <span class='ocrx_word' id='word_1_69' title='bbox 520 978 666 1037; x_wconf 87' lang='lat' dir='ltr'>tamquam</span> <span class='ocrx_word' id='word_1_70' title='bbox 691 967 836 1021; x_wconf 89' lang='lat' dir='ltr'><strong>immolata</strong></span> <span class='ocrx_word' id='word_1_71' title='bbox 860 967 976 1020; x_wconf 89' lang='lat' dir='ltr'><strong>uictima</strong></span> <span class='ocrx_word' id='word_1_72' title='bbox 1000 968 1178 1036; x_wconf 85' lang='lat' dir='ltr'><strong>placarentur</strong></span> <span class='ocrx_word' id='word_1_73' title='bbox 1200 984 1299 1022; x_wconf 90' lang='lat' dir='ltr'><strong>manes</strong></span> 
     </span>
     <span class='ocr_line' id='line_1_9' title="bbox 149 1036 1299 1107; baseline 0.003 -19"><span class='ocrx_word' id='word_1_74' title='bbox 149 1036 288 1104; x_wconf 87' lang='lat' dir='ltr'>Polydori.</span> <span class='ocrx_word' id='word_1_75' title='bbox 317 1041 420 1092; x_wconf 87' lang='lat' dir='ltr'><strong>Aenx.</strong></span> <span class='ocrx_word' id='word_1_76' title='bbox 433 1051 491 1106; x_wconf 84' lang='lat'>519,</span> <span class='ocrx_word' id='word_1_77' title='bbox 503 1038 550 1092; x_wconf 89' lang='lat' dir='ltr'><strong>Sil.</strong></span> <span class='ocrx_word' id='word_1_78' title='bbox 560 1038 594 1092; x_wconf 90' lang='lat' dir='ltr'><strong>iv.</strong></span> <span class='ocrx_word' id='word_1_79' title='bbox 605 1053 663 1105; x_wconf 83' lang='lat'><strong>232.</strong></span> <span class='ocrx_word' id='word_1_80' title='bbox 719 1041 787 1091; x_wconf 82' lang='lat'><strong>269.</strong></span> <span class='ocrx_word' id='word_1_81' title='bbox 801 1042 914 1091; x_wconf 81' lang='lat' dir='ltr'><strong>Pastor</strong></span> <span class='ocrx_word' id='word_1_82' title='bbox 925 1039 1054 1107; x_wconf 90' lang='lat' dir='ltr'><strong>Cyclops.</strong></span> <span class='ocrx_word' id='word_1_83' title='bbox 1099 1055 1299 1092; x_wconf 83' lang='lat' dir='ltr'><strong>oaeueexcae·</strong></span> 
     </span>
     <span class='ocr_line' id='line_1_10' title="bbox 148 1105 1298 1178; baseline 0.003 -19"><span class='ocrx_word' id='word_1_84' title='bbox 148 1115 243 1159; x_wconf 84' lang='lat' dir='ltr'><strong>catum</strong></span> <span class='ocrx_word' id='word_1_85' title='bbox 255 1106 296 1160; x_wconf 90' lang='lat' dir='ltr'><strong>iri.</strong></span> <span class='ocrx_word' id='word_1_86' title='bbox 370 1112 438 1163; x_wconf 84' lang='lat'><strong>270.</strong></span> <span class='ocrx_word' id='word_1_87' title='bbox 454 1109 507 1162; x_wconf 93' lang='lat' dir='ltr'><strong>Od.</strong></span> <span class='ocrx_word' id='word_1_88' title='bbox 517 1109 551 1162; x_wconf 87' lang='lat' dir='ltr'><strong>ix.</strong></span> <span class='ocrx_word' id='word_1_89' title='bbox 564 1110 612 1176; x_wconf 88' lang='grc'><strong>508</strong></span> <span class='ocrx_word' id='word_1_90' title='bbox 625 1109 713 1175; x_wconf 84' lang='grc' dir='ltr'>μάντις</span> <span class='ocrx_word' id='word_1_91' title='bbox 725 1107 787 1177; x_wconf 79' lang='grc' dir='ltr'>ἀνήρ</span> <span class='ocrx_word' id='word_1_92' title='bbox 801 1105 844 1175; x_wconf 85' lang='grc' dir='ltr'><strong>ήύς</strong></span> <span class='ocrx_word' id='word_1_93' title='bbox 856 1130 884 1159; x_wconf 88' lang='grc' dir='ltr'><strong>τε</strong></span> <span class='ocrx_word' id='word_1_94' title='bbox 896 1108 975 1178; x_wconf 80' lang='grc' dir='ltr'>με’γας</span> <span class='ocrx_word' id='word_1_95' title='bbox 987 1131 1014 1162; x_wconf 89' lang='grc' dir='ltr'><strong>τε</strong></span> <span class='ocrx_word' id='word_1_96' title='bbox 1024 1108 1139 1176; x_wconf 75' lang='grc' dir='ltr'>Τήλεμος</span> <span class='ocrx_word' id='word_1_97' title='bbox 1149 1109 1298 1177; x_wconf 80' lang='grc' dir='ltr'>Εὐρυμίδης,</span> 
     </span>
     <span class='ocr_line' id='line_1_11' title="bbox 148 1174 1298 1265; baseline 0.003 -39"><span class='ocrx_word' id='word_1_98' title='bbox 148 1174 175 1230; x_wconf 84' lang='grc' dir='ltr'><strong>ὃς</strong></span> <span class='ocrx_word' id='word_1_99' title='bbox 193 1175 339 1245; x_wconf 80' lang='grc' dir='ltr'>μαντοσύνῃ</span> <span class='ocrx_word' id='word_1_100' title='bbox 356 1178 479 1232; x_wconf 77' lang='grc' dir='ltr'>ἐκέκαστο</span> <span class='ocrx_word' id='word_1_101' title='bbox 498 1180 546 1232; x_wconf 86' lang='grc' dir='ltr'>Καὶ</span> <span class='ocrx_word' id='word_1_102' title='bbox 562 1180 747 1247; x_wconf 86' lang='grc' dir='ltr'>μαντευόμενος</span> <span class='ocrx_word' id='word_1_103' title='bbox 763 1178 889 1265; x_wconf 78' lang='grc' dir='ltr'>κατέηηρα</span> <span class='ocrx_word' id='word_1_104' title='bbox 903 1181 1100 1232; x_wconf 84' lang='grc' dir='ltr'>Κυκλώπεσσιν.</span> <span class='ocrx_word' id='word_1_105' title='bbox 1132 1177 1180 1233; x_wconf 82' lang='grc' dir='ltr'><strong>Ὃς</strong></span> <span class='ocrx_word' id='word_1_106' title='bbox 1192 1201 1234 1246; x_wconf 91' lang='grc' dir='ltr'>μοι</span> <span class='ocrx_word' id='word_1_107' title='bbox 1247 1180 1298 1247; x_wconf 77' lang='grc' dir='ltr'><strong>ἔφη</strong></span> 
     </span>
     <span class='ocr_line' id='line_1_12' title="bbox 147 1246 1297 1317; baseline 0.004 -19"><span class='ocrx_word' id='word_1_108' title='bbox 147 1247 208 1299; x_wconf 85' lang='grc' dir='ltr'>τάδε</span> <span class='ocrx_word' id='word_1_109' title='bbox 226 1249 308 1300; x_wconf 88' lang='grc' dir='ltr'>πάντα</span> <span class='ocrx_word' id='word_1_110' title='bbox 327 1247 528 1316; x_wconf 80' lang='grc' dir='ltr'>τελευτήσεσθαι</span> <span class='ocrx_word' id='word_1_111' title='bbox 547 1249 661 1314; x_wconf 81' lang='grc' dir='ltr'>ὀπίσσω,</span> <span class='ocrx_word' id='word_1_112' title='bbox 676 1254 773 1317; x_wconf 86' lang='grc' dir='ltr'>Χειρῶν</span> <span class='ocrx_word' id='word_1_113' title='bbox 787 1249 817 1314; x_wconf 80' lang='grc' dir='ltr'><strong>ἐξ</strong></span> <span class='ocrx_word' id='word_1_114' title='bbox 841 1249 960 1315; x_wconf 86' lang='grc' dir='ltr'>Οδυσήος</span> <span class='ocrx_word' id='word_1_115' title='bbox 975 1246 1169 1317; x_wconf 82' lang='grc' dir='ltr'>ἁμαρτήσεσθαι</span> <span class='ocrx_word' id='word_1_116' title='bbox 1186 1248 1297 1315; x_wconf 83' lang='grc' dir='ltr'>ὀπωπής.</span> 
     </span>
     <span class='ocr_line' id='line_1_13' title="bbox 147 1318 1297 1389; baseline 0.001 -20"><span class='ocrx_word' id='word_1_117' title='bbox 147 1319 211 1372; x_wconf 83' lang='lat'><strong>211.</strong></span> <span class='ocrx_word' id='word_1_118' title='bbox 230 1321 392 1372; x_wconf 82' lang='lat' dir='ltr'><strong>Phinidae.</strong></span> <span class='ocrx_word' id='word_1_119' title='bbox 427 1319 466 1372; x_wconf 95' lang='lat' dir='ltr'><strong>Hi</strong></span> <span class='ocrx_word' id='word_1_120' title='bbox 479 1319 660 1373; x_wconf 87' lang='lat' dir='ltr'><strong>nominantur</strong></span> <span class='ocrx_word' id='word_1_121' title='bbox 673 1319 824 1389; x_wconf 89' lang='lat' dir='ltr'><strong>Plexippus</strong></span> <span class='ocrx_word' id='word_1_122' title='bbox 842 1329 869 1372; x_wconf 93' lang='lat' dir='ltr'><strong>et</strong></span> <span class='ocrx_word' id='word_1_123' title='bbox 883 1318 1012 1372; x_wconf 88' lang='lat' dir='ltr'>Pandion</span> <span class='ocrx_word' id='word_1_124' title='bbox 1025 1318 1156 1388; x_wconf 89' lang='lat' dir='ltr'><strong>Apollod.</strong></span> <span class='ocrx_word' id='word_1_125' title='bbox 1169 1318 1207 1373; x_wconf 92' lang='lat' dir='ltr'><strong>iii.</strong></span> <span class='ocrx_word' id='word_1_126' title='bbox 1224 1331 1262 1386; x_wconf 83' lang='lat'><strong>15.</strong></span> <span class='ocrx_word' id='word_1_127' title='bbox 1273 1334 1297 1387; x_wconf 84' lang='lat'><strong>3,</strong></span> 
     </span>
     <span class='ocr_line' id='line_1_14' title="bbox 149 1387 1298 1457; baseline 0.003 -18"><span class='ocrx_word' id='word_1_128' title='bbox 149 1387 242 1441; x_wconf 91' lang='lat' dir='ltr'><strong>Schol.</strong></span> <span class='ocrx_word' id='word_1_129' title='bbox 253 1388 348 1457; x_wconf 92' lang='lat' dir='ltr'><strong>Antig.</strong></span> <span class='ocrx_word' id='word_1_130' title='bbox 359 1389 411 1457; x_wconf 88' lang='lat'><strong>966</strong></span> <span class='ocrx_word' id='word_1_131' title='bbox 419 1410 426 1454; x_wconf 81' lang='lat'><em>3</em></span> <span class='ocrx_word' id='word_1_132' title='bbox 444 1391 582 1443; x_wconf 86' lang='lat' dir='ltr'><strong>Crambus</strong></span> <span class='ocrx_word' id='word_1_133' title='bbox 596 1399 622 1443; x_wconf 92' lang='lat' dir='ltr'><strong>et</strong></span> <span class='ocrx_word' id='word_1_134' title='bbox 638 1389 804 1442; x_wconf 88' lang='lat' dir='ltr'><strong>Parthenius</strong></span> <span class='ocrx_word' id='word_1_135' title='bbox 819 1390 913 1443; x_wconf 88' lang='lat' dir='ltr'><strong>Schol.</strong></span> <span class='ocrx_word' id='word_1_136' title='bbox 926 1391 980 1457; x_wconf 88' lang='lat' dir='ltr'><strong>Ap.</strong></span> <span class='ocrx_word' id='word_1_137' title='bbox 992 1391 1025 1443; x_wconf 93' lang='lat' dir='ltr'><strong>R.</strong></span> <span class='ocrx_word' id='word_1_138' title='bbox 1036 1389 1063 1443; x_wconf 94' lang='lat' dir='ltr'><strong>ii.</strong></span> <span class='ocrx_word' id='word_1_139' title='bbox 1077 1404 1141 1455; x_wconf 88' lang='lat'><strong>140;</strong></span> <span class='ocrx_word' id='word_1_140' title='bbox 1160 1390 1298 1443; x_wconf 89' lang='lat' dir='ltr'><strong>Crarnbus</strong></span> 
     </span>
     <span class='ocr_line' id='line_1_15' title="bbox 147 1459 1299 1528; baseline 0.001 -17"><span class='ocrx_word' id='word_1_141' title='bbox 147 1467 175 1511; x_wconf 91' lang='lat' dir='ltr'><strong>et</strong></span> <span class='ocrx_word' id='word_1_142' title='bbox 204 1459 328 1512; x_wconf 90' lang='lat' dir='ltr'><strong>Oarthus</strong></span> <span class='ocrx_word' id='word_1_143' title='bbox 355 1460 529 1528; x_wconf 88' lang='lat' dir='ltr'><strong>(Oreithyius</strong></span> <span class='ocrx_word' id='word_1_144' title='bbox 554 1460 685 1513; x_wconf 88' lang='lat' dir='ltr'><strong>Welcker</strong></span> <span class='ocrx_word' id='word_1_145' title='bbox 712 1469 740 1513; x_wconf 91' lang='lat' dir='ltr'><strong>et</strong></span> <span class='ocrx_word' id='word_1_146' title='bbox 771 1459 884 1528; x_wconf 86' lang='lat' dir='ltr'><strong>Bergk.)</strong></span> <span class='ocrx_word' id='word_1_147' title='bbox 916 1460 1010 1514; x_wconf 92' lang='lat' dir='ltr'><strong>Schol.</strong></span> <span class='ocrx_word' id='word_1_148' title='bbox 1039 1460 1092 1527; x_wconf 90' lang='lat' dir='ltr'><strong>Ap.</strong></span> <span class='ocrx_word' id='word_1_149' title='bbox 1118 1461 1152 1514; x_wconf 95' lang='lat' dir='ltr'><strong>R.</strong></span> <span class='ocrx_word' id='word_1_150' title='bbox 1178 1459 1205 1513; x_wconf 92' lang='lat' dir='ltr'><strong>ii.</strong></span> <span class='ocrx_word' id='word_1_151' title='bbox 1231 1461 1299 1527; x_wconf 75' lang='lat'>1783</span> 
     </span>
     <span class='ocr_line' id='line_1_16' title="bbox 148 1529 1298 1599; baseline 0.001 -18"><span class='ocrx_word' id='word_1_152' title='bbox 148 1529 307 1596; x_wconf 90' lang='lat' dir='ltr'><strong>Gerymbus</strong></span> <span class='ocrx_word' id='word_1_153' title='bbox 330 1539 356 1582; x_wconf 95' lang='lat' dir='ltr'><strong>et</strong></span> <span class='ocrx_word' id='word_1_154' title='bbox 379 1530 532 1599; x_wconf 91' lang='lat' dir='ltr'><strong>Aspondus</strong></span> <span class='ocrx_word' id='word_1_155' title='bbox 557 1531 593 1583; x_wconf 90' lang='lat' dir='ltr'><strong>ab</strong></span> <span class='ocrx_word' id='word_1_156' title='bbox 618 1531 706 1583; x_wconf 88' lang='lat' dir='ltr'><strong>altero</strong></span> <span class='ocrx_word' id='word_1_157' title='bbox 732 1531 825 1584; x_wconf 94' lang='lat' dir='ltr'><strong>Schol.</strong></span> <span class='ocrx_word' id='word_1_158' title='bbox 849 1530 936 1599; x_wconf 88' lang='lat' dir='ltr'><strong>Soph.</strong></span> <span class='ocrx_word' id='word_1_159' title='bbox 956 1532 1020 1583; x_wconf 89' lang='lat' dir='ltr'><strong>Ant.</strong></span> <span class='ocrx_word' id='word_1_160' title='bbox 1043 1530 1114 1598; x_wconf 90' lang='lat'><strong>966;</strong></span> <span class='ocrx_word' id='word_1_161' title='bbox 1145 1547 1189 1599; x_wconf 86' lang='lat' dir='ltr'><strong>ap.</strong></span> <span class='ocrx_word' id='word_1_162' title='bbox 1212 1530 1298 1583; x_wconf 92' lang='lat' dir='ltr'><strong>Diod.</strong></span> 
     </span>
     <span class='ocr_line' id='line_1_17' title="bbox 147 1597 1297 1669; baseline 0.005 -19"><span class='ocrx_word' id='word_1_163' title='bbox 147 1597 181 1651; x_wconf 90' lang='lat' dir='ltr'><strong>iv.</strong></span> <span class='ocrx_word' id='word_1_164' title='bbox 196 1613 238 1665; x_wconf 82' lang='lat'><strong>43.</strong></span> <span class='ocrx_word' id='word_1_165' title='bbox 254 1614 277 1666; x_wconf 85' lang='lat'><strong>3,</strong></span> <span class='ocrx_word' id='word_1_166' title='bbox 293 1601 368 1667; x_wconf 92' lang='lat' dir='ltr'><strong>Hyg.</strong></span> <span class='ocrx_word' id='word_1_167' title='bbox 386 1615 416 1668; x_wconf 89' lang='lat'><strong>19</strong></span> <span class='ocrx_word' id='word_1_168' title='bbox 429 1618 533 1654; x_wconf 91' lang='lat' dir='ltr'><strong>nomen</strong></span> <span class='ocrx_word' id='word_1_169' title='bbox 547 1600 648 1654; x_wconf 90' lang='lat' dir='ltr'><strong>siletur.</strong></span> <span class='ocrx_word' id='word_1_170' title='bbox 686 1604 794 1654; x_wconf 91' lang='lat' dir='ltr'><strong>lumen</strong></span> <span class='ocrx_word' id='word_1_171' title='bbox 806 1603 923 1654; x_wconf 77' lang='lat' dir='ltr'><strong>ademit</strong></span> <span class='ocrx_word' id='word_1_172' title='bbox 936 1599 1081 1669; x_wconf 87' lang='lat' dir='ltr'><strong>‘deprived</strong></span> <span class='ocrx_word' id='word_1_173' title='bbox 1095 1601 1128 1652; x_wconf 84' lang='lat' dir='ltr'><strong>of</strong></span> <span class='ocrx_word' id='word_1_174' title='bbox 1142 1600 1242 1668; x_wconf 91' lang='lat' dir='ltr'><strong>sight&#39;;</strong></span> <span class='ocrx_word' id='word_1_175' title='bbox 1263 1601 1297 1655; x_wconf 88' lang='lat' dir='ltr'><strong>cf.</strong></span> 
     </span>
     <span class='ocr_line' id='line_1_18' title="bbox 148 1669 1300 1740; baseline 0.003 -20"><span class='ocrx_word' id='word_1_176' title='bbox 148 1669 248 1736; x_wconf 90' lang='lat' dir='ltr'><strong>Henry</strong></span> <span class='ocrx_word' id='word_1_177' title='bbox 267 1670 412 1724; x_wconf 90' lang='lat' dir='ltr'><strong>Aeneidea</strong></span> <span class='ocrx_word' id='word_1_178' title='bbox 432 1673 511 1724; x_wconf 89' lang='lat' dir='ltr'><strong>Tom.</strong></span> <span class='ocrx_word' id='word_1_179' title='bbox 527 1670 554 1724; x_wconf 94' lang='lat' dir='ltr'><strong>ii.</strong></span> <span class='ocrx_word' id='word_1_180' title='bbox 568 1688 593 1740; x_wconf 96' lang='lat' dir='ltr'><strong>p.</strong></span> <span class='ocrx_word' id='word_1_181' title='bbox 610 1683 667 1738; x_wconf 83' lang='lat'><strong>509.</strong></span> <span class='ocrx_word' id='word_1_182' title='bbox 701 1673 776 1739; x_wconf 92' lang='lat' dir='ltr'><strong>Hyg.</strong></span> <span class='ocrx_word' id='word_1_183' title='bbox 793 1687 824 1739; x_wconf 90' lang='lat'><strong>19</strong></span> <span class='ocrx_word' id='word_1_184' title='bbox 837 1671 963 1724; x_wconf 89' lang='lat' dir='ltr'><strong>Phineus</strong></span> <span class='ocrx_word' id='word_1_185' title='bbox 979 1689 1015 1723; x_wconf 80' lang='lat' dir='ltr'><strong>ex</strong></span> <span class='ocrx_word' id='word_1_186' title='bbox 1033 1671 1181 1739; x_wconf 74' lang='lat' dir='ltr'><strong>Cleopatra</strong></span> <span class='ocrx_word' id='word_1_187' title='bbox 1199 1670 1300 1724; x_wconf 87' lang='lat' dir='ltr'><strong>habuit</strong></span> 
     </span>
     <span class='ocr_line' id='line_1_19' title="bbox 138 1739 1296 1810; baseline 0.002 -19"><span class='ocrx_word' id='word_1_188' title='bbox 138 1739 220 1808; x_wconf 82' lang='lat' dir='ltr'><strong>filios</strong></span> <span class='ocrx_word' id='word_1_189' title='bbox 237 1740 313 1793; x_wconf 85' lang='lat' dir='ltr'><strong>duos.</strong></span> <span class='ocrx_word' id='word_1_190' title='bbox 351 1741 399 1794; x_wconf 88' lang='lat' dir='ltr'><strong>Hi</strong></span> <span class='ocrx_word' id='word_1_191' title='bbox 415 1760 432 1793; x_wconf 96' lang='lat' dir='ltr'><strong>a</strong></span> <span class='ocrx_word' id='word_1_192' title='bbox 446 1745 532 1810; x_wconf 78' lang='lat' dir='ltr'><strong>patre</strong></span> <span class='ocrx_word' id='word_1_193' title='bbox 550 1759 684 1795; x_wconf 82' lang='lat' dir='ltr'><strong>nouercae</strong></span> <span class='ocrx_word' id='word_1_194' title='bbox 701 1743 818 1794; x_wconf 82' lang='lat' dir='ltr'><strong>creinine</strong></span> <span class='ocrx_word' id='word_1_195' title='bbox 835 1741 890 1809; x_wconf 92' lang='lat' dir='ltr'><strong>(sc.</strong></span> <span class='ocrx_word' id='word_1_196' title='bbox 903 1741 1004 1810; x_wconf 83' lang='grc' dir='ltr'>φθορᾶς</span> <span class='ocrx_word' id='word_1_197' title='bbox 1016 1741 1147 1809; x_wconf 93' lang='lat' dir='ltr'><strong>Apollod.</strong></span> <span class='ocrx_word' id='word_1_198' title='bbox 1160 1740 1197 1794; x_wconf 89' lang='lat' dir='ltr'><strong>iii.</strong></span> <span class='ocrx_word' id='word_1_199' title='bbox 1215 1754 1253 1808; x_wconf 82' lang='lat'><strong>15.</strong></span> <span class='ocrx_word' id='word_1_200' title='bbox 1268 1741 1296 1808; x_wconf 84' lang='lat'><strong>3)</strong></span> 
     </span>
     <span class='ocr_line' id='line_1_20' title="bbox 146 1811 1298 1880; baseline 0.003 -18"><span class='ocrx_word' id='word_1_201' title='bbox 146 1812 368 1865; x_wconf 80' lang='lat' dir='ltr'><strong>excaecatisunt.</strong></span> <span class='ocrx_word' id='word_1_202' title='bbox 408 1813 540 1865; x_wconf 86' lang='lat' dir='ltr'><strong>Nouerca</strong></span> <span class='ocrx_word' id='word_1_203' title='bbox 555 1812 642 1865; x_wconf 88' lang='lat' dir='ltr'><strong>Idaea</strong></span> <span class='ocrx_word' id='word_1_204' title='bbox 655 1812 714 1865; x_wconf 93' lang='lat' dir='ltr'><strong>siue</strong></span> <span class='ocrx_word' id='word_1_205' title='bbox 729 1811 878 1865; x_wconf 88' lang='lat' dir='ltr'><strong>Eidothea.</strong></span> <span class='ocrx_word' id='word_1_206' title='bbox 939 1813 1008 1865; x_wconf 86' lang='lat'><strong>212.</strong></span> <span class='ocrx_word' id='word_1_207' title='bbox 1027 1815 1200 1876; x_wconf 74' lang='lat' dir='ltr'><strong>Thamyrae</strong></span> <span class='ocrx_word' id='word_1_208' title='bbox 1213 1828 1298 1880; x_wconf 90' lang='lat' dir='ltr'><strong>quem</strong></span> 
     </span>
     <span class='ocr_line' id='line_1_21' title="bbox 149 1881 1297 1951; baseline 0.002 -19"><span class='ocrx_word' id='word_1_209' title='bbox 149 1881 249 1933; x_wconf 89' lang='lat' dir='ltr'><strong>Musae</strong></span> <span class='ocrx_word' id='word_1_210' title='bbox 262 1883 443 1950; x_wconf 81' lang='grc' dir='ltr'>χολωσάμεναι</span> <span class='ocrx_word' id='word_1_211' title='bbox 456 1884 537 1950; x_wconf 81' lang='grc' dir='ltr'>πηρὸν</span> <span class='ocrx_word' id='word_1_212' title='bbox 550 1882 630 1935; x_wconf 80' lang='grc' dir='ltr'>θέσαν</span> <span class='ocrx_word' id='word_1_213' title='bbox 644 1883 676 1936; x_wconf 92' lang='lat' dir='ltr'><strong>ll.</strong></span> <span class='ocrx_word' id='word_1_214' title='bbox 689 1881 717 1935; x_wconf 92' lang='lat' dir='ltr'><strong>ii.</strong></span> <span class='ocrx_word' id='word_1_215' title='bbox 733 1894 782 1950; x_wconf 83' lang='lat'><strong>599</strong></span> <span class='ocrx_word' id='word_1_216' title='bbox 801 1881 968 1951; x_wconf 88' lang='lat' dir='ltr'><strong>gloriantem</strong></span> <span class='ocrx_word' id='word_1_217' title='bbox 982 1899 1012 1935; x_wconf 90' lang='lat' dir='ltr'><strong>se</strong></span> <span class='ocrx_word' id='word_1_218' title='bbox 1025 1899 1073 1935; x_wconf 86' lang='lat' dir='ltr'><strong>eas</strong></span> <span class='ocrx_word' id='word_1_219' title='bbox 1087 1891 1170 1935; x_wconf 89' lang='lat' dir='ltr'><strong>cantu</strong></span> <span class='ocrx_word' id='word_1_220' title='bbox 1184 1899 1297 1950; x_wconf 88' lang='lat' dir='ltr'><strong>supera-</strong></span> 
     </span>
     <span class='ocr_line' id='line_1_22' title="bbox 147 1950 1298 2021; baseline 0.001 -18"><span class='ocrx_word' id='word_1_221' title='bbox 147 1959 248 2004; x_wconf 91' lang='lat' dir='ltr'><strong>turum.</strong></span> <span class='ocrx_word' id='word_1_222' title='bbox 285 1955 455 2006; x_wconf 82' lang='lat' dir='ltr'><strong>Demodoci</strong></span> <span class='ocrx_word' id='word_1_223' title='bbox 475 1952 530 2006; x_wconf 89' lang='lat' dir='ltr'><strong>Od.</strong></span> <span class='ocrx_word' id='word_1_224' title='bbox 552 1952 607 2006; x_wconf 89' lang='lat' dir='ltr'><strong>viii.</strong></span> <span class='ocrx_word' id='word_1_225' title='bbox 631 1952 665 2018; x_wconf 87' lang='lat'><strong>64</strong></span> <span class='ocrx_word' id='word_1_226' title='bbox 687 1950 846 2019; x_wconf 83' lang='grc' dir='ltr'>Ὀφθαλμῶν</span> <span class='ocrx_word' id='word_1_227' title='bbox 870 1954 916 2019; x_wconf 82' lang='grc' dir='ltr'><strong>μὲν</strong></span> <span class='ocrx_word' id='word_1_228' title='bbox 940 1952 1045 2021; x_wconf 81' lang='grc' dir='ltr'>όμερσε,</span> <span class='ocrx_word' id='word_1_229' title='bbox 1071 1951 1143 2004; x_wconf 80' lang='grc' dir='ltr'>δίδου</span> <span class='ocrx_word' id='word_1_230' title='bbox 1167 1950 1190 2003; x_wconf 81' lang='grc' dir='ltr'><strong>δ’</strong></span> <span class='ocrx_word' id='word_1_231' title='bbox 1212 1952 1298 2018; x_wconf 78' lang='grc' dir='ltr'>ἡδεῖαν</span> 
     </span>
     <span class='ocr_line' id='line_1_23' title="bbox 146 2019 1297 2090; baseline 0.004 -18"><span class='ocrx_word' id='word_1_232' title='bbox 146 2019 242 2087; x_wconf 80' lang='grc' dir='ltr'>ἀοιδήν.</span> <span class='ocrx_word' id='word_1_233' title='bbox 314 2025 383 2078; x_wconf 84' lang='lat'><strong>214.</strong></span> <span class='ocrx_word' id='word_1_234' title='bbox 403 2025 569 2076; x_wconf 76' lang='lat' dir='ltr'><strong>Subsecuit</strong></span> <span class='ocrx_word' id='word_1_235' title='bbox 582 2024 680 2076; x_wconf 92' lang='lat' dir='ltr'><strong>subtus</strong></span> <span class='ocrx_word' id='word_1_236' title='bbox 693 2022 822 2090; x_wconf 86' lang='lat' dir='ltr'><strong>abscidit,</strong></span> <span class='ocrx_word' id='word_1_237' title='bbox 836 2033 865 2076; x_wconf 96' lang='lat' dir='ltr'><strong>ut</strong></span> <span class='ocrx_word' id='word_1_238' title='bbox 879 2022 979 2077; x_wconf 90' lang='lat' dir='ltr'><strong>aristas</strong></span> <span class='ocrx_word' id='word_1_239' title='bbox 992 2039 1101 2076; x_wconf 87' lang='lat' dir='ltr'><strong>messor</strong></span> <span class='ocrx_word' id='word_1_240' title='bbox 1113 2023 1192 2076; x_wconf 84' lang='lat' dir='ltr'><strong>falce.</strong></span> <span class='ocrx_word' id='word_1_241' title='bbox 1226 2024 1297 2077; x_wconf 91' lang='lat' dir='ltr'><strong>Hes.</strong></span> 
     </span>
     <span class='ocr_line' id='line_1_24' title="bbox 147 2091 1297 2162; baseline 0.002 -19"><span class='ocrx_word' id='word_1_242' title='bbox 147 2091 255 2159; x_wconf 84' lang='lat' dir='ltr'><strong>Theog.</strong></span> <span class='ocrx_word' id='word_1_243' title='bbox 272 2092 319 2144; x_wconf 85' lang='lat'><strong>162</strong></span> <span class='ocrx_word' id='word_1_244' title='bbox 332 2095 411 2158; x_wconf 82' lang='grc' dir='ltr'>Τεῦξε</span> <span class='ocrx_word' id='word_1_245' title='bbox 430 2093 496 2162; x_wconf 76' lang='grc' dir='ltr'>μέγα</span> <span class='ocrx_word' id='word_1_246' title='bbox 514 2092 648 2162; x_wconf 77' lang='grc' dir='ltr'>δρέπανον,</span> <span class='ocrx_word' id='word_1_247' title='bbox 671 2105 720 2161; x_wconf 87' lang='lat'><strong>179</strong></span> <span class='ocrx_word' id='word_1_248' title='bbox 738 2093 852 2161; x_wconf 78' lang='grc' dir='ltr'>δεξιτερῇ</span> <span class='ocrx_word' id='word_1_249' title='bbox 873 2093 901 2145; x_wconf 76' lang='grc' dir='ltr'><strong>δὲ</strong></span> <span class='ocrx_word' id='word_1_250' title='bbox 919 2095 1046 2160; x_wconf 86' lang='grc' dir='ltr'>πελώριον</span> <span class='ocrx_word' id='word_1_251' title='bbox 1064 2095 1178 2155; x_wconf 76' lang='grc' dir='ltr'>ἔλλαβεν</span> <span class='ocrx_word' id='word_1_252' title='bbox 1196 2092 1297 2162; x_wconf 83' lang='grc' dir='ltr'>ἅρπην</span> 
     </span>
     <span class='ocr_line' id='line_1_25' title="bbox 147 2162 1296 2232; baseline 0.006 -21"><span class='ocrx_word' id='word_1_253' title='bbox 147 2163 252 2228; x_wconf 84' lang='grc' dir='ltr'>Μακρήν</span> <span class='ocrx_word' id='word_1_254' title='bbox 274 2165 474 2232; x_wconf 80' lang='grc' dir='ltr'>καρχαρόδοντα,</span> <span class='ocrx_word' id='word_1_255' title='bbox 493 2164 589 2231; x_wconf 87' lang='grc' dir='ltr'>φίλου</span> <span class='ocrx_word' id='word_1_256' title='bbox 609 2162 630 2214; x_wconf 77' lang='grc' dir='ltr'><strong>δ’</strong></span> <span class='ocrx_word' id='word_1_257' title='bbox 650 2162 707 2216; x_wconf 81' lang='grc' dir='ltr'><strong>ἀπὸ</strong></span> <span class='ocrx_word' id='word_1_258' title='bbox 727 2163 821 2230; x_wconf 86' lang='grc' dir='ltr'>μήδεα</span> <span class='ocrx_word' id='word_1_259' title='bbox 842 2165 956 2229; x_wconf 86' lang='grc' dir='ltr'>πατρὸς</span> <span class='ocrx_word' id='word_1_260' title='bbox 974 2162 1171 2230; x_wconf 67' lang='lat' dir='ltr'><strong>&#39;acceptior</strong></span> <span class='ocrx_word' id='word_1_261' title='bbox 1191 2164 1296 2230; x_wconf 81' lang='grc' dir='ltr'>ἤμησε.</span> 
     </span>
     <span class='ocr_line' id='line_1_26' title="bbox 145 2233 1297 2302; baseline 0.002 -18"><span class='ocrx_word' id='word_1_262' title='bbox 145 2237 251 2296; x_wconf 77' lang='lat' dir='ltr'><strong>porres</strong></span> <span class='ocrx_word' id='word_1_263' title='bbox 264 2233 397 2300; x_wconf 84' lang='lat' dir='ltr'><strong>genitalia</strong></span> <span class='ocrx_word' id='word_1_264' title='bbox 409 2237 492 2287; x_wconf 90' lang='lat' dir='ltr'><strong>unde</strong></span> <span class='ocrx_word' id='word_1_265' title='bbox 505 2240 629 2288; x_wconf 76' lang='lat' dir='ltr'><strong>oreatus</strong></span> <span class='ocrx_word' id='word_1_266' title='bbox 641 2240 709 2287; x_wconf 86' lang='lat' dir='ltr'><strong>erat</strong></span> <span class='ocrx_word' id='word_1_267' title='bbox 721 2233 808 2302; x_wconf 89' lang='lat' dir='ltr'><strong>patris</strong></span> <span class='ocrx_word' id='word_1_268' title='bbox 821 2233 919 2288; x_wconf 92' lang='lat' dir='ltr'><strong>Urani.</strong></span> <span class='ocrx_word' id='word_1_269' title='bbox 992 2237 1060 2289; x_wconf 84' lang='lat'><strong>215.</strong></span> <span class='ocrx_word' id='word_1_270' title='bbox 1077 2236 1188 2287; x_wconf 92' lang='lat' dir='ltr'><strong>melior</strong></span> <span class='ocrx_word' id='word_1_271' title='bbox 1200 2233 1297 2302; x_wconf 89' lang='lat' dir='ltr'><strong>benig-</strong></span> 
     </span>
     <span class='ocr_line' id='line_1_27' title="bbox 146 2301 1296 2373; baseline 0.004 -19"><span class='ocrx_word' id='word_1_272' title='bbox 146 2301 208 2354; x_wconf 91' lang='lat' dir='ltr'><strong>nior</strong></span> <span class='ocrx_word' id='word_1_273' title='bbox 221 2303 292 2356; x_wconf 88' lang='lat' dir='ltr'><strong>Stat.</strong></span> <span class='ocrx_word' id='word_1_274' title='bbox 306 2305 359 2358; x_wconf 96' lang='lat' dir='ltr'><strong>Th.</strong></span> <span class='ocrx_word' id='word_1_275' title='bbox 372 2304 408 2358; x_wconf 88' lang='lat' dir='ltr'><strong>vi.</strong></span> <span class='ocrx_word' id='word_1_276' title='bbox 421 2306 472 2370; x_wconf 83' lang='lat'><strong>278</strong></span> <span class='ocrx_word' id='word_1_277' title='bbox 491 2305 549 2358; x_wconf 78' lang='lat' dir='ltr'><strong>Ast</strong></span> <span class='ocrx_word' id='word_1_278' title='bbox 565 2306 647 2358; x_wconf 86' lang='lat' dir='ltr'><strong>illam</strong></span> <span class='ocrx_word' id='word_1_279' title='bbox 666 2306 766 2358; x_wconf 82' lang='lat' dir='ltr'><strong>melior</strong></span> <span class='ocrx_word' id='word_1_280' title='bbox 780 2305 898 2358; x_wconf 71' lang='lat' dir='ltr'><strong>Pharai</strong></span> <span class='ocrx_word' id='word_1_281' title='bbox 915 2310 1042 2358; x_wconf 82' lang='lat' dir='ltr'><strong>erexerat</strong></span> <span class='ocrx_word' id='word_1_282' title='bbox 1060 2306 1140 2357; x_wconf 79' lang='lat' dir='ltr'><strong>aruis</strong></span> <span class='ocrx_word' id='word_1_283' title='bbox 1157 2305 1296 2373; x_wconf 75' lang='lat' dir='ltr'><strong>Iuppiter.</strong></span> 
     </span>
     <span class='ocr_line' id='line_1_28' title="bbox 146 2373 1297 2444; baseline 0.003 -21"><span class='ocrx_word' id='word_1_284' title='bbox 146 2373 215 2427; x_wconf 86' lang='lat'><strong>216.</strong></span> <span class='ocrx_word' id='word_1_285' title='bbox 234 2377 286 2426; x_wconf 87' lang='lat' dir='ltr'><strong>eui</strong></span> <span class='ocrx_word' id='word_1_286' title='bbox 299 2375 375 2442; x_wconf 87' lang='lat' dir='ltr'><strong>Ceyx</strong></span> <span class='ocrx_word' id='word_1_287' title='bbox 388 2393 436 2428; x_wconf 89' lang='lat' dir='ltr'><strong>rex</strong></span> <span class='ocrx_word' id='word_1_288' title='bbox 449 2375 605 2428; x_wconf 91' lang='lat' dir='ltr'><strong>Trachinis.</strong></span> <span class='ocrx_word' id='word_1_289' title='bbox 625 2379 749 2429; x_wconf 78' lang='lat' dir='ltr'><strong>subitae</strong></span> <span class='ocrx_word' id='word_1_290' title='bbox 765 2392 799 2428; x_wconf 90' lang='lat' dir='ltr'><strong>ex</strong></span> <span class='ocrx_word' id='word_1_291' title='bbox 812 2375 905 2429; x_wconf 91' lang='lat' dir='ltr'><strong>subita</strong></span> <span class='ocrx_word' id='word_1_292' title='bbox 918 2374 1138 2444; x_wconf 89' lang='lat' dir='ltr'><strong>metamorphosi</strong></span> <span class='ocrx_word' id='word_1_293' title='bbox 1152 2377 1198 2428; x_wconf 92' lang='lat' dir='ltr'><strong>Tr.</strong></span> <span class='ocrx_word' id='word_1_294' title='bbox 1208 2374 1233 2428; x_wconf 93' lang='lat' dir='ltr'><strong>ii.</strong></span> <span class='ocrx_word' id='word_1_295' title='bbox 1245 2376 1297 2443; x_wconf 83' lang='lat'><strong>389</strong></span> 
     </span>
     <span class='ocr_line' id='line_1_29' title="bbox 123 2443 1297 2516; baseline 0.003 -20"><span class='ocrx_word' id='word_1_296' title='bbox 123 2471 126 2475; x_wconf 32' lang='lat' dir='ltr'>v</span> <span class='ocrx_word' id='word_1_297' title='bbox 145 2443 225 2496; x_wconf 84' lang='lat' dir='ltr'><strong>Fecit</strong></span> <span class='ocrx_word' id='word_1_298' title='bbox 236 2445 434 2498; x_wconf 81' lang='lat' dir='ltr'><strong>amersubitas</strong></span> <span class='ocrx_word' id='word_1_299' title='bbox 446 2447 573 2499; x_wconf 86' lang='lat' dir='ltr'><strong>uolucres</strong></span> <span class='ocrx_word' id='word_1_300' title='bbox 588 2463 651 2498; x_wconf 78' lang='lat' dir='ltr'><strong>curn</strong></span> <span class='ocrx_word' id='word_1_301' title='bbox 665 2446 772 2514; x_wconf 79' lang='lat' dir='ltr'><strong>paelice</strong></span> <span class='ocrx_word' id='word_1_302' title='bbox 785 2462 883 2516; x_wconf 79' lang='lat' dir='ltr'><strong>regem.</strong></span> <span class='ocrx_word' id='word_1_303' title='bbox 920 2448 1018 2499; x_wconf 66' lang='lat' dir='ltr'><strong>stater</strong></span> <span class='ocrx_word' id='word_1_304' title='bbox 1032 2445 1208 2499; x_wconf 89' lang='lat' dir='ltr'><strong>Daedalion:</strong></span> <span class='ocrx_word' id='word_1_305' title='bbox 1229 2463 1297 2500; x_wconf 83' lang='lat' dir='ltr'><strong>narn</strong></span> 
     </span>
     <span class='ocr_line' id='line_1_30' title="bbox 146 2514 1297 2584; baseline 0.004 -20"><span class='ocrx_word' id='word_1_306' title='bbox 146 2514 230 2565; x_wconf 89' lang='lat' dir='ltr'><strong>ambo</strong></span> <span class='ocrx_word' id='word_1_307' title='bbox 240 2530 275 2567; x_wconf 89' lang='lat' dir='ltr'><strong>ex</strong></span> <span class='ocrx_word' id='word_1_308' title='bbox 286 2515 413 2568; x_wconf 83' lang='lat' dir='ltr'><strong>Lucifero</strong></span> <span class='ocrx_word' id='word_1_309' title='bbox 421 2515 479 2569; x_wconf 92' lang='lat' dir='ltr'><strong>nati</strong></span> <span class='ocrx_word' id='word_1_310' title='bbox 495 2518 535 2569; x_wconf 96' lang='lat' dir='ltr'><strong>M.</strong></span> <span class='ocrx_word' id='word_1_311' title='bbox 545 2515 579 2569; x_wconf 88' lang='lat' dir='ltr'><strong>xi.</strong></span> <span class='ocrx_word' id='word_1_312' title='bbox 592 2516 652 2584; x_wconf 85' lang='lat'><strong>296.</strong></span> <span class='ocrx_word' id='word_1_313' title='bbox 681 2516 737 2569; x_wconf 90' lang='lat' dir='ltr'><strong>Hic</strong></span> <span class='ocrx_word' id='word_1_314' title='bbox 748 2515 775 2568; x_wconf 93' lang='lat' dir='ltr'><strong>in</strong></span> <span class='ocrx_word' id='word_1_315' title='bbox 786 2516 948 2584; x_wconf 90' lang='lat' dir='ltr'><strong>accipitrem</strong></span> <span class='ocrx_word' id='word_1_316' title='bbox 957 2533 1054 2570; x_wconf 90' lang='lat' dir='ltr'><strong>uersus</strong></span> <span class='ocrx_word' id='word_1_317' title='bbox 1064 2525 1106 2570; x_wconf 92' lang='lat' dir='ltr'><strong>est</strong></span> <span class='ocrx_word' id='word_1_318' title='bbox 1117 2516 1212 2569; x_wconf 90' lang='lat' dir='ltr'><strong>dolore</strong></span> <span class='ocrx_word' id='word_1_319' title='bbox 1223 2516 1297 2569; x_wconf 91' lang='lat' dir='ltr'><strong>filiae</strong></span> 
     </span>
     <span class='ocr_line' id='line_1_31' title="bbox 147 2583 1297 2656; baseline 0.004 -21"><span class='ocrx_word' id='word_1_320' title='bbox 147 2583 270 2637; x_wconf 88' lang='lat' dir='ltr'><strong>Chiones</strong></span> <span class='ocrx_word' id='word_1_321' title='bbox 289 2584 399 2639; x_wconf 90' lang='lat' dir='ltr'><strong>occisae</strong></span> <span class='ocrx_word' id='word_1_322' title='bbox 419 2603 436 2639; x_wconf 96' lang='lat' dir='ltr'><strong>a</strong></span> <span class='ocrx_word' id='word_1_323' title='bbox 456 2586 550 2639; x_wconf 87' lang='lat' dir='ltr'><strong>Diana</strong></span> <span class='ocrx_word' id='word_1_324' title='bbox 571 2588 610 2640; x_wconf 93' lang='lat' dir='ltr'><strong>M.</strong></span> <span class='ocrx_word' id='word_1_325' title='bbox 631 2586 665 2639; x_wconf 85' lang='lat' dir='ltr'><strong>xi.</strong></span> <span class='ocrx_word' id='word_1_326' title='bbox 684 2598 814 2655; x_wconf 84' lang='lat'><strong>295-345.</strong></span> <span class='ocrx_word' id='word_1_327' title='bbox 857 2603 938 2640; x_wconf 85' lang='lat' dir='ltr'><strong>uxor</strong></span> <span class='ocrx_word' id='word_1_328' title='bbox 955 2588 1089 2655; x_wconf 86' lang='lat' dir='ltr'><strong>Alcyone,</strong></span> <span class='ocrx_word' id='word_1_329' title='bbox 1109 2604 1181 2656; x_wconf 91' lang='lat' dir='ltr'><strong>quae</strong></span> <span class='ocrx_word' id='word_1_330' title='bbox 1200 2587 1297 2640; x_wconf 91' lang='lat' dir='ltr'><strong>dolore</strong></span> 
     </span>
     <span class='ocr_line' id='line_1_32' title="bbox 147 2653 1296 2726; baseline 0.003 -19"><span class='ocrx_word' id='word_1_331' title='bbox 147 2653 247 2722; x_wconf 84' lang='lat' dir='ltr'><strong>Ceycis</strong></span> <span class='ocrx_word' id='word_1_332' title='bbox 269 2655 353 2708; x_wconf 89' lang='lat' dir='ltr'><strong>mersi</strong></span> <span class='ocrx_word' id='word_1_333' title='bbox 376 2656 443 2709; x_wconf 91' lang='lat' dir='ltr'><strong>dum</strong></span> <span class='ocrx_word' id='word_1_334' title='bbox 467 2657 594 2726; x_wconf 89' lang='lat' dir='ltr'><strong>Delphos</strong></span> <span class='ocrx_word' id='word_1_335' title='bbox 619 2657 743 2725; x_wconf 86' lang='lat' dir='ltr'><strong>nauigat,</strong></span> <span class='ocrx_word' id='word_1_336' title='bbox 764 2667 791 2710; x_wconf 93' lang='lat' dir='ltr'><strong>et</strong></span> <span class='ocrx_word' id='word_1_337' title='bbox 817 2666 882 2710; x_wconf 95' lang='lat' dir='ltr'><strong>ante</strong></span> <span class='ocrx_word' id='word_1_338' title='bbox 907 2656 995 2725; x_wconf 86' lang='lat' dir='ltr'><strong>ipsius</strong></span> <span class='ocrx_word' id='word_1_339' title='bbox 1020 2658 1116 2710; x_wconf 90' lang='lat' dir='ltr'><strong>oculos</strong></span> <span class='ocrx_word' id='word_1_340' title='bbox 1141 2656 1169 2710; x_wconf 93' lang='lat' dir='ltr'><strong>in</strong></span> <span class='ocrx_word' id='word_1_341' title='bbox 1191 2667 1296 2711; x_wconf 92' lang='lat' dir='ltr'><strong>terram</strong></span> 
     </span>
     <span class='ocr_line' id='line_1_33' title="bbox 145 2724 1296 2796; baseline 0.005 -20"><span class='ocrx_word' id='word_1_342' title='bbox 145 2724 209 2792; x_wconf 89' lang='lat' dir='ltr'><strong>acti,</strong></span> <span class='ocrx_word' id='word_1_343' title='bbox 231 2724 260 2777; x_wconf 94' lang='lat' dir='ltr'><strong>in</strong></span> <span class='ocrx_word' id='word_1_344' title='bbox 281 2743 364 2779; x_wconf 90' lang='lat' dir='ltr'><strong>auem</strong></span> <span class='ocrx_word' id='word_1_345' title='bbox 384 2727 531 2795; x_wconf 90' lang='lat' dir='ltr'><strong>alcyonem</strong></span> <span class='ocrx_word' id='word_1_346' title='bbox 550 2745 614 2780; x_wconf 92' lang='lat' dir='ltr'><strong>cum</strong></span> <span class='ocrx_word' id='word_1_347' title='bbox 636 2727 698 2796; x_wconf 93' lang='lat' dir='ltr'><strong>ipso</strong></span> <span class='ocrx_word' id='word_1_348' title='bbox 721 2737 828 2781; x_wconf 88' lang='lat' dir='ltr'><strong>mutata</strong></span> <span class='ocrx_word' id='word_1_349' title='bbox 850 2736 892 2780; x_wconf 89' lang='lat' dir='ltr'><strong>est</strong></span> <span class='ocrx_word' id='word_1_350' title='bbox 914 2729 954 2781; x_wconf 89' lang='lat' dir='ltr'><strong>M.</strong></span> <span class='ocrx_word' id='word_1_351' title='bbox 973 2727 1008 2781; x_wconf 91' lang='lat' dir='ltr'><strong>xi.</strong></span> <span class='ocrx_word' id='word_1_352' title='bbox 1026 2728 1156 2793; x_wconf 87' lang='lat'><strong>410-748.</strong></span> <span class='ocrx_word' id='word_1_353' title='bbox 1228 2731 1296 2783; x_wconf 83' lang='grc'>277.</span> 
     </span>
     <span class='ocr_line' id='line_1_34' title="bbox 145 2794 1296 2866; baseline 0.004 -19"><span class='ocrx_word' id='word_1_354' title='bbox 145 2797 271 2849; x_wconf 77' lang='lat' dir='ltr'><strong>Sallenti</strong></span> <span class='ocrx_word' id='word_1_355' title='bbox 289 2795 437 2863; x_wconf 90' lang='grc' dir='ltr'>Πολύμητις</span> <span class='ocrx_word' id='word_1_356' title='bbox 449 2794 595 2852; x_wconf 87' lang='grc' dir='ltr'>Ὀδυσσεύς</span> <span class='ocrx_word' id='word_1_357' title='bbox 606 2798 660 2852; x_wconf 93' lang='lat' dir='ltr'><strong>Od.</strong></span> <span class='ocrx_word' id='word_1_358' title='bbox 674 2797 701 2852; x_wconf 86' lang='lat' dir='ltr'><strong>ii.</strong></span> <span class='ocrx_word' id='word_1_359' title='bbox 715 2810 772 2864; x_wconf 84' lang='lat'><strong>173.</strong></span> <span class='ocrx_word' id='word_1_360' title='bbox 813 2800 915 2851; x_wconf 65' lang='lat' dir='ltr'><strong>stacta</strong></span> <span class='ocrx_word' id='word_1_361' title='bbox 928 2798 982 2850; x_wconf 94' lang='lat' dir='ltr'><strong>Od.</strong></span> <span class='ocrx_word' id='word_1_362' title='bbox 993 2817 1018 2851; x_wconf 92' lang='lat' dir='ltr'><strong>v.</strong></span> <span class='ocrx_word' id='word_1_363' title='bbox 1032 2810 1084 2864; x_wconf 82' lang='lat'><strong>370</strong></span> <span class='ocrx_word' id='word_1_364' title='bbox 1096 2794 1147 2851; x_wconf 83' lang='grc' dir='ltr'><strong>Ὣς</strong></span> <span class='ocrx_word' id='word_1_365' title='bbox 1158 2799 1202 2863; x_wconf 74' lang='grc' dir='ltr'>τῆς</span> <span class='ocrx_word' id='word_1_366' title='bbox 1216 2796 1296 2866; x_wconf 83' lang='grc' dir='ltr'>(νηὸς)</span> 
     </span>
     <span class='ocr_line' id='line_1_35' title="bbox 145 2863 1295 2936; baseline 0.005 -20"><span class='ocrx_word' id='word_1_367' title='bbox 145 2863 256 2934; x_wconf 90' lang='grc' dir='ltr'>δούρατα</span> <span class='ocrx_word' id='word_1_368' title='bbox 275 2866 359 2936; x_wconf 80' lang='grc' dir='ltr'>μακρὰ</span> <span class='ocrx_word' id='word_1_369' title='bbox 379 2867 533 2921; x_wconf 65' lang='grc' dir='ltr'>διεσκέδασ·</span> <span class='ocrx_word' id='word_1_370' title='bbox 561 2869 641 2934; x_wconf 80' lang='grc' dir='ltr'>αὐτὰρ</span> <span class='ocrx_word' id='word_1_371' title='bbox 661 2867 806 2922; x_wconf 83' lang='grc' dir='ltr'>Ὀδυσσεὺς</span> <span class='ocrx_word' id='word_1_372' title='bbox 823 2866 903 2936; x_wconf 84' lang='grc' dir='ltr'>Ἀμφ’</span> <span class='ocrx_word' id='word_1_373' title='bbox 924 2868 960 2919; x_wconf 82' lang='grc' dir='ltr'><strong>ἑνί</strong></span> <span class='ocrx_word' id='word_1_374' title='bbox 981 2866 1084 2936; x_wconf 80' lang='grc' dir='ltr'>δούρατι</span> <span class='ocrx_word' id='word_1_375' title='bbox 1106 2869 1187 2933; x_wconf 80' lang='grc' dir='ltr'>βαῖνε,</span> <span class='ocrx_word' id='word_1_376' title='bbox 1209 2866 1295 2935; x_wconf 83' lang='grc' dir='ltr'>κεληθ</span> 
     </span>
     <span class='ocr_line' id='line_1_36' title="bbox 145 2934 1296 3006; baseline 0.005 -20"><span class='ocrx_word' id='word_1_377' title='bbox 145 2934 179 2989; x_wconf 83' lang='grc' dir='ltr'><strong>ὡς</strong></span> <span class='ocrx_word' id='word_1_378' title='bbox 198 2935 276 2989; x_wconf 83' lang='grc' dir='ltr'>ἵππον</span> <span class='ocrx_word' id='word_1_379' title='bbox 297 2935 417 2992; x_wconf 78' lang='grc' dir='ltr'>ἐλαύνων.</span> <span class='ocrx_word' id='word_1_380' title='bbox 501 2942 568 2994; x_wconf 83' lang='grc'>278.</span> <span class='ocrx_word' id='word_1_381' title='bbox 590 2936 724 2992; x_wconf 74' lang='lat' dir='ltr'><strong>Semeles</strong></span> <span class='ocrx_word' id='word_1_382' title='bbox 746 2954 835 2991; x_wconf 82' lang='lat' dir='ltr'><strong>soror</strong></span> <span class='ocrx_word' id='word_1_383' title='bbox 857 2938 960 3006; x_wconf 83' lang='grc' dir='ltr'>Κάδμου</span> <span class='ocrx_word' id='word_1_384' title='bbox 981 2937 1093 3006; x_wconf 80' lang='grc' dir='ltr'>θυγάτηρ</span> <span class='ocrx_word' id='word_1_385' title='bbox 1115 2938 1296 3006; x_wconf 81' lang='grc' dir='ltr'>καλλίσφυρος</span> 
     </span>
     <span class='ocr_line' id='line_1_37' title="bbox 145 3003 1296 3076; baseline 0.003 -19"><span class='ocrx_word' id='word_1_386' title='bbox 145 3005 209 3071; x_wconf 85' lang='grc' dir='ltr'>Ἰνώ,</span> <span class='ocrx_word' id='word_1_387' title='bbox 217 3003 255 3057; x_wconf 85' lang='grc' dir='ltr'><strong>Ἥ</strong></span> <span class='ocrx_word' id='word_1_388' title='bbox 274 3005 297 3075; x_wconf 90' lang='grc' dir='ltr'>ρ’</span> <span class='ocrx_word' id='word_1_389' title='bbox 316 3007 424 3074; x_wconf 70' lang='grc' dir='ltr'>Ὀδυσῆ’</span> <span class='ocrx_word' id='word_1_390' title='bbox 444 3007 552 3075; x_wconf 77' lang='grc' dir='ltr'>ε’λέησεν</span> <span class='ocrx_word' id='word_1_391' title='bbox 569 3009 699 3075; x_wconf 82' lang='grc' dir='ltr'>ἀλώμενον</span> <span class='ocrx_word' id='word_1_392' title='bbox 719 3008 773 3063; x_wconf 92' lang='lat' dir='ltr'><strong>Od.</strong></span> <span class='ocrx_word' id='word_1_393' title='bbox 790 3027 816 3061; x_wconf 94' lang='lat' dir='ltr'><strong>v.</strong></span> <span class='ocrx_word' id='word_1_394' title='bbox 829 3023 888 3075; x_wconf 81' lang='lat'>333,</span> <span class='ocrx_word' id='word_1_395' title='bbox 902 3008 962 3074; x_wconf 82' lang='lat'><strong>336.</strong></span> <span class='ocrx_word' id='word_1_396' title='bbox 1000 3008 1057 3061; x_wconf 91' lang='lat' dir='ltr'><strong>Sed</strong></span> <span class='ocrx_word' id='word_1_397' title='bbox 1076 3024 1119 3076; x_wconf 83' lang='lat' dir='ltr'><strong>ap.</strong></span> <span class='ocrx_word' id='word_1_398' title='bbox 1138 3008 1296 3061; x_wconf 88' lang='lat' dir='ltr'><strong>Homerum</strong></span> 
     </span>
     <span class='ocr_line' id='line_1_38' title="bbox 146 3076 1296 3133; baseline 0.003 -5"><span class='ocrx_word' id='word_1_399' title='bbox 146 3076 198 3128; x_wconf 92' lang='lat' dir='ltr'><strong>lno</strong></span> <span class='ocrx_word' id='word_1_400' title='bbox 212 3077 338 3131; x_wconf 92' lang='lat' dir='ltr'><strong>nondum</strong></span> <span class='ocrx_word' id='word_1_401' title='bbox 351 3079 440 3132; x_wconf 84' lang='lat' dir='ltr'><strong>fracta</strong></span> <span class='ocrx_word' id='word_1_402' title='bbox 452 3089 512 3132; x_wconf 90' lang='lat' dir='ltr'><strong>rate</strong></span> <span class='ocrx_word' id='word_1_403' title='bbox 525 3079 674 3133; x_wconf 91' lang='lat' dir='ltr'><strong>inducitur.</strong></span> <span class='ocrx_word' id='word_1_404' title='bbox 728 3081 794 3133; x_wconf 84' lang='lat'><strong>279.</strong></span> <span class='ocrx_word' id='word_1_405' title='bbox 815 3095 905 3132; x_wconf 80' lang='lat' dir='ltr'><strong>unua.</strong></span> <span class='ocrx_word' id='word_1_406' title='bbox 942 3080 1030 3131; x_wconf 90' lang='lat' dir='ltr'><strong>Recte</strong></span> <span class='ocrx_word' id='word_1_407' title='bbox 1045 3079 1141 3131; x_wconf 93' lang='lat' dir='ltr'><strong>Const.</strong></span> <span class='ocrx_word' id='word_1_408' title='bbox 1156 3078 1296 3132; x_wconf 86' lang='lat' dir='ltr'><strong>Fanensis</strong></span> 
     </span>
     <span class='ocr_line' id='line_1_39' title="bbox 145 3146 1295 3217; baseline 0.003 -19"><span class='ocrx_word' id='word_1_409' title='bbox 145 3146 294 3215; x_wconf 88' lang='lat' dir='ltr'><strong>explicauit</strong></span> <span class='ocrx_word' id='word_1_410' title='bbox 320 3147 355 3202; x_wconf 92' lang='lat' dir='ltr'><strong>de</strong></span> <span class='ocrx_word' id='word_1_411' title='bbox 382 3149 483 3203; x_wconf 91' lang='lat' dir='ltr'><strong>Mettio</strong></span> <span class='ocrx_word' id='word_1_412' title='bbox 510 3150 627 3204; x_wconf 86' lang='lat' dir='ltr'><strong>Suffetio</strong></span> <span class='ocrx_word' id='word_1_413' title='bbox 653 3149 724 3202; x_wconf 90' lang='lat' dir='ltr'><strong>duce</strong></span> <span class='ocrx_word' id='word_1_414' title='bbox 744 3149 926 3216; x_wconf 90' lang='lat' dir='ltr'><strong>Albanorum,</strong></span> <span class='ocrx_word' id='word_1_415' title='bbox 949 3147 996 3217; x_wconf 93' lang='lat' dir='ltr'><strong>qui</strong></span> <span class='ocrx_word' id='word_1_416' title='bbox 1022 3164 1086 3201; x_wconf 89' lang='lat' dir='ltr'><strong>cum</strong></span> <span class='ocrx_word' id='word_1_417' title='bbox 1105 3147 1205 3200; x_wconf 85' lang='lat' dir='ltr'><strong>foedus</strong></span> <span class='ocrx_word' id='word_1_418' title='bbox 1230 3165 1295 3202; x_wconf 92' lang='lat' dir='ltr'><strong>cum</strong></span> 
     </span>
     <span class='ocr_line' id='line_1_40' title="bbox 145 3217 1296 3289; baseline 0.002 -20"><span class='ocrx_word' id='word_1_419' title='bbox 145 3217 282 3270; x_wconf 90' lang='lat' dir='ltr'><strong>Romanis</strong></span> <span class='ocrx_word' id='word_1_420' title='bbox 300 3218 429 3287; x_wconf 89' lang='lat' dir='ltr'><strong>rupisset,</strong></span> <span class='ocrx_word' id='word_1_421' title='bbox 442 3220 551 3272; x_wconf 83' lang='lat' dir='ltr'><strong>duabus</strong></span> <span class='ocrx_word' id='word_1_422' title='bbox 569 3221 690 3274; x_wconf 88' lang='lat' dir='ltr'><strong>admotis</strong></span> <span class='ocrx_word' id='word_1_423' title='bbox 707 3220 856 3289; x_wconf 73' lang='lat' dir='ltr'><strong>quoden&#39;gri</strong></span> <span class='ocrx_word' id='word_1_424' title='bbox 873 3220 903 3272; x_wconf 90' lang='lat' dir='ltr'><strong>in</strong></span> <span class='ocrx_word' id='word_1_425' title='bbox 922 3235 1024 3271; x_wconf 76' lang='lat' dir='ltr'><strong>eunus</strong></span> <span class='ocrx_word' id='word_1_426' title='bbox 1041 3235 1140 3271; x_wconf 86' lang='lat' dir='ltr'><strong>earum</strong></span> <span class='ocrx_word' id='word_1_427' title='bbox 1158 3219 1296 3272; x_wconf 72' lang='lat' dir='ltr'><strong>deitentus</strong></span> 
     </span>
     <span class='ocr_line' id='line_1_41' title="bbox 144 3288 1296 3358; baseline 0.001 -18"><span class='ocrx_word' id='word_1_428' title='bbox 144 3288 275 3357; x_wconf 71' lang='lat' dir='ltr'><strong>illigatus</strong></span> <span class='ocrx_word' id='word_1_429' title='bbox 286 3295 347 3353; x_wconf 84' lang='lat' dir='ltr'><strong>est,·</strong></span> <span class='ocrx_word' id='word_1_430' title='bbox 364 3290 462 3343; x_wconf 84' lang='lat' dir='ltr'><strong>deinde</strong></span> <span class='ocrx_word' id='word_1_431' title='bbox 478 3292 510 3342; x_wconf 93' lang='lat' dir='ltr'><strong>in</strong></span> <span class='ocrx_word' id='word_1_432' title='bbox 528 3291 672 3344; x_wconf 81' lang='lat' dir='ltr'><strong>diuersum</strong></span> <span class='ocrx_word' id='word_1_433' title='bbox 690 3292 747 3343; x_wconf 86' lang='lat' dir='ltr'><strong>iter</strong></span> <span class='ocrx_word' id='word_1_434' title='bbox 759 3292 826 3358; x_wconf 79' lang='lat' dir='ltr'><strong>equi</strong></span> <span class='ocrx_word' id='word_1_435' title='bbox 841 3291 979 3356; x_wconf 86' lang='lat' dir='ltr'><strong>concitati,</strong></span> <span class='ocrx_word' id='word_1_436' title='bbox 992 3290 1115 3342; x_wconf 83' lang='lat' dir='ltr'><strong>lacerum</strong></span> <span class='ocrx_word' id='word_1_437' title='bbox 1128 3291 1158 3342; x_wconf 91' lang='lat' dir='ltr'><strong>in</strong></span> <span class='ocrx_word' id='word_1_438' title='bbox 1177 3295 1296 3358; x_wconf 83' lang='lat' dir='ltr'><strong>utreque</strong></span> 
     </span>
     <span class='ocr_line' id='line_1_42' title="bbox 144 3358 1294 3429; baseline 0.003 -19"><span class='ocrx_word' id='word_1_439' title='bbox 144 3374 232 3411; x_wconf 82' lang='lat' dir='ltr'><strong>curru</strong></span> <span class='ocrx_word' id='word_1_440' title='bbox 253 3363 360 3428; x_wconf 75' lang='lat' dir='ltr'><strong>corpus,</strong></span> <span class='ocrx_word' id='word_1_441' title='bbox 381 3377 438 3428; x_wconf 81' lang='lat' dir='ltr'><strong>qua</strong></span> <span class='ocrx_word' id='word_1_442' title='bbox 457 3360 637 3414; x_wconf 77' lang='lat' dir='ltr'><strong>inhaeserant</strong></span> <span class='ocrx_word' id='word_1_443' title='bbox 655 3361 777 3413; x_wconf 87' lang='lat' dir='ltr'><strong>uinculis</strong></span> <span class='ocrx_word' id='word_1_444' title='bbox 798 3360 927 3427; x_wconf 86' lang='lat' dir='ltr'><strong>membra,</strong></span> <span class='ocrx_word' id='word_1_445' title='bbox 944 3363 1098 3429; x_wconf 78' lang='lat' dir='ltr'><strong>portantes.</strong></span> <span class='ocrx_word' id='word_1_446' title='bbox 1138 3358 1198 3413; x_wconf 89' lang='lat' dir='ltr'><strong>Liu.</strong></span> <span class='ocrx_word' id='word_1_447' title='bbox 1215 3358 1232 3413; x_wconf 90' lang='lat' dir='ltr'><strong>i.</strong></span> <span class='ocrx_word' id='word_1_448' title='bbox 1253 3360 1294 3414; x_wconf 87' lang='lat'><strong>28.</strong></span> 
     </span>
     <span class='ocr_line' id='line_1_43' title="bbox 145 3430 1294 3498; baseline 0.003 -19"><span class='ocrx_word' id='word_1_449' title='bbox 145 3430 217 3483; x_wconf 88' lang='grc'>280.</span> <span class='ocrx_word' id='word_1_450' title='bbox 235 3433 333 3483; x_wconf 83' lang='lat' dir='ltr'><strong>eeieea</strong></span> <span class='ocrx_word' id='word_1_451' title='bbox 356 3432 499 3484; x_wconf 82' lang='lat' dir='ltr'><strong>ferantur</strong></span> <span class='ocrx_word' id='word_1_452' title='bbox 523 3431 687 3485; x_wconf 92' lang='lat' dir='ltr'><strong>scindantur</strong></span> <span class='ocrx_word' id='word_1_453' title='bbox 711 3440 739 3484; x_wconf 90' lang='lat' dir='ltr'><strong>et</strong></span> <span class='ocrx_word' id='word_1_454' title='bbox 763 3431 894 3484; x_wconf 86' lang='lat' dir='ltr'><strong>ferantur.</strong></span> <span class='ocrx_word' id='word_1_455' title='bbox 1001 3431 1068 3483; x_wconf 88' lang='grc'>281.</span> <span class='ocrx_word' id='word_1_456' title='bbox 1092 3434 1147 3493; x_wconf 90' lang='lat' dir='ltr'><strong>qui</strong></span> <span class='ocrx_word' id='word_1_457' title='bbox 1160 3431 1294 3498; x_wconf 90' lang='lat' dir='ltr'><strong>Regulus.</strong></span> 
     </span>
     <span class='ocr_line' id='line_1_44' title="bbox 144 3499 1294 3570; baseline 0.003 -19"><span class='ocrx_word' id='word_1_458' title='bbox 144 3501 262 3552; x_wconf 87' lang='lat' dir='ltr'><strong>redemi</strong></span> <span class='ocrx_word' id='word_1_459' title='bbox 284 3517 317 3553; x_wconf 89' lang='lat' dir='ltr'><strong>ex</strong></span> <span class='ocrx_word' id='word_1_460' title='bbox 341 3500 465 3555; x_wconf 89' lang='lat' dir='ltr'><strong>hostium</strong></span> <span class='ocrx_word' id='word_1_461' title='bbox 490 3511 638 3570; x_wconf 87' lang='lat' dir='ltr'><strong>potestate,</strong></span> <span class='ocrx_word' id='word_1_462' title='bbox 664 3502 806 3570; x_wconf 90' lang='lat' dir='ltr'><strong>persoluto</strong></span> <span class='ocrx_word' id='word_1_463' title='bbox 830 3500 920 3570; x_wconf 94' lang='lat' dir='ltr'><strong>pretio</strong></span> <span class='ocrx_word' id='word_1_464' title='bbox 947 3501 1017 3554; x_wconf 92' lang='lat' dir='ltr'><strong>Hor.</strong></span> <span class='ocrx_word' id='word_1_465' title='bbox 1041 3501 1072 3554; x_wconf 95' lang='lat' dir='ltr'><strong>C.</strong></span> <span class='ocrx_word' id='word_1_466' title='bbox 1094 3499 1132 3553; x_wconf 93' lang='lat' dir='ltr'><strong>iii.</strong></span> <span class='ocrx_word' id='word_1_467' title='bbox 1155 3512 1177 3569; x_wconf 84' lang='lat'><strong>5.</strong></span> <span class='ocrx_word' id='word_1_468' title='bbox 1201 3501 1294 3566; x_wconf 88' lang='lat'><strong>14-18.</strong></span> 
     </span>
     <span class='ocr_line' id='line_1_45' title="bbox 145 3570 1294 3640; baseline 0.003 -19"><span class='ocrx_word' id='word_1_469' title='bbox 145 3572 216 3622; x_wconf 85' lang='grc'>282.</span> <span class='ocrx_word' id='word_1_470' title='bbox 236 3573 373 3624; x_wconf 80' lang='lat' dir='ltr'><strong>Puniceo</strong></span> <span class='ocrx_word' id='word_1_471' title='bbox 398 3588 449 3639; x_wconf 93' lang='lat' dir='ltr'><strong>pro</strong></span> <span class='ocrx_word' id='word_1_472' title='bbox 470 3573 580 3625; x_wconf 89' lang='lat' dir='ltr'><strong>Punice</strong></span> <span class='ocrx_word' id='word_1_473' title='bbox 604 3573 647 3624; x_wconf 85' lang='grc' dir='ltr'>ἅπ.</span> <span class='ocrx_word' id='word_1_474' title='bbox 672 3575 738 3640; x_wconf 63' lang='lat' dir='ltr'><strong>try„</strong></span> <span class='ocrx_word' id='word_1_475' title='bbox 763 3571 817 3624; x_wconf 90' lang='lat' dir='ltr'><strong>nisi</strong></span> <span class='ocrx_word' id='word_1_476' title='bbox 842 3571 918 3624; x_wconf 89' lang='lat' dir='ltr'><strong>idem</strong></span> <span class='ocrx_word' id='word_1_477' title='bbox 944 3581 986 3624; x_wconf 90' lang='lat' dir='ltr'><strong>est</strong></span> <span class='ocrx_word' id='word_1_478' title='bbox 1012 3570 1088 3640; x_wconf 94' lang='lat' dir='ltr'><strong>quod</strong></span> <span class='ocrx_word' id='word_1_479' title='bbox 1112 3571 1241 3624; x_wconf 87' lang='lat' dir='ltr'><strong>Poinicio</strong></span> <span class='ocrx_word' id='word_1_480' title='bbox 1265 3570 1294 3624; x_wconf 92' lang='lat' dir='ltr'><strong>in</strong></span> 
     </span>
     <span class='ocr_line' id='line_1_46' title="bbox 145 3637 1294 3711; baseline 0.003 -20"><span class='ocrx_word' id='word_1_481' title='bbox 145 3637 269 3708; x_wconf 91' lang='lat' dir='ltr'><strong>inscript.</strong></span> <span class='ocrx_word' id='word_1_482' title='bbox 283 3641 403 3709; x_wconf 87' lang='lat' dir='ltr'><strong>Agraria</strong></span> <span class='ocrx_word' id='word_1_483' title='bbox 417 3643 448 3695; x_wconf 93' lang='lat' dir='ltr'><strong>C.</strong></span> <span class='ocrx_word' id='word_1_484' title='bbox 464 3644 485 3695; x_wconf 97' lang='lat' dir='ltr'><strong>l.</strong></span> <span class='ocrx_word' id='word_1_485' title='bbox 501 3644 531 3696; x_wconf 92' lang='lat' dir='ltr'><strong>L.</strong></span> <span class='ocrx_word' id='word_1_486' title='bbox 545 3642 562 3696; x_wconf 92' lang='lat' dir='ltr'><strong>i.</strong></span> <span class='ocrx_word' id='word_1_487' title='bbox 577 3659 604 3711; x_wconf 96' lang='lat' dir='ltr'><strong>p.</strong></span> <span class='ocrx_word' id='word_1_488' title='bbox 618 3642 659 3708; x_wconf 88' lang='lat'><strong>76.</strong></span> <span class='ocrx_word' id='word_1_489' title='bbox 671 3656 685 3693; x_wconf 86' lang='lat'><strong>2</strong></span> <span class='ocrx_word' id='word_1_490' title='bbox 690 3654 712 3709; x_wconf 84' lang='lat'><strong>5,</strong></span> <span class='ocrx_word' id='word_1_491' title='bbox 726 3642 802 3711; x_wconf 94' lang='lat' dir='ltr'><strong>quod</strong></span> <span class='ocrx_word' id='word_1_492' title='bbox 817 3643 891 3695; x_wconf 85' lang='lat' dir='ltr'><strong>Salu.</strong></span> <span class='ocrx_word' id='word_1_493' title='bbox 906 3641 1009 3695; x_wconf 89' lang='lat' dir='ltr'><strong>citauit.</strong></span> <span class='ocrx_word' id='word_1_494' title='bbox 1047 3644 1179 3706; x_wconf 81' lang='lat' dir='ltr'><strong>pertulit</strong></span> <span class='ocrx_word' id='word_1_495' title='bbox 1194 3641 1251 3694; x_wconf 78' lang='lat' dir='ltr'><strong>Cic</strong></span> <span class='ocrx_word' id='word_1_496' title='bbox 1265 3641 1294 3694; x_wconf 92' lang='lat' dir='ltr'><strong>in</strong></span> 
     </span>
     <span class='ocr_line' id='line_1_47' title="bbox 146 3709 1295 3792; baseline 0.003 -31"><span class='ocrx_word' id='word_1_497' title='bbox 146 3709 201 3764; x_wconf 87' lang='lat' dir='ltr'><strong>Pis.</strong></span> <span class='ocrx_word' id='word_1_498' title='bbox 219 3725 258 3778; x_wconf 92' lang='lat'><strong>19.</strong></span> <span class='ocrx_word' id='word_1_499' title='bbox 271 3725 305 3777; x_wconf 87' lang='lat'><strong>43</strong></span> <span class='ocrx_word' id='word_1_500' title='bbox 325 3712 374 3764; x_wconf 86' lang='lat' dir='ltr'><strong>ille</strong></span> <span class='ocrx_word' id='word_1_501' title='bbox 386 3712 429 3764; x_wconf 90' lang='lat' dir='ltr'><strong>M.</strong></span> <span class='ocrx_word' id='word_1_502' title='bbox 443 3713 570 3782; x_wconf 82' lang='lat' dir='ltr'><strong>Regulus</strong></span> <span class='ocrx_word' id='word_1_503' title='bbox 587 3730 668 3781; x_wconf 79' lang='lat' dir='ltr'><strong>quenz</strong></span> <span class='ocrx_word' id='word_1_504' title='bbox 681 3712 936 3782; x_wconf 76' lang='lat' dir='ltr'><strong>Karthaginienses</strong></span> <span class='ocrx_word' id='word_1_505' title='bbox 952 3713 1062 3764; x_wconf 80' lang='lat' dir='ltr'><strong>resectis</strong></span> <span class='ocrx_word' id='word_1_506' title='bbox 1074 3711 1221 3792; x_wconf 67' lang='lat' dir='ltr'><strong>palpebris</strong></span> <span class='ocrx_word' id='word_1_507' title='bbox 1237 3713 1295 3765; x_wconf 90' lang='lat' dir='ltr'><strong>illi-</strong></span> 
     </span>
     <span class='ocr_line' id='line_1_48' title="bbox 139 3781 1294 3852; baseline 0.003 -20"><span class='ocrx_word' id='word_1_508' title='bbox 139 3786 242 3849; x_wconf 82' lang='lat' dir='ltr'><strong>gatum</strong></span> <span class='ocrx_word' id='word_1_509' title='bbox 254 3783 286 3833; x_wconf 91' lang='lat' dir='ltr'><strong>in</strong></span> <span class='ocrx_word' id='word_1_510' title='bbox 299 3781 429 3834; x_wconf 78' lang='lat' dir='ltr'><strong>machina</strong></span> <span class='ocrx_word' id='word_1_511' title='bbox 442 3784 590 3852; x_wconf 72' lang='lat' dir='ltr'><strong>uigilando</strong></span> <span class='ocrx_word' id='word_1_512' title='bbox 603 3788 779 3836; x_wconf 86' lang='lat' dir='ltr'><strong>necauerunt.</strong></span> <span class='ocrx_word' id='word_1_513' title='bbox 844 3785 915 3835; x_wconf 87' lang='grc'>283.</span> <span class='ocrx_word' id='word_1_514' title='bbox 933 3785 1073 3836; x_wconf 83' lang='lat' dir='ltr'><strong>subsidio</strong></span> <span class='ocrx_word' id='word_1_515' title='bbox 1087 3783 1294 3851; x_wconf 85' lang='lat' dir='ltr'><strong>opitulaturum.</strong></span> 
     </span>
     <span class='ocr_line' id='line_1_49' title="bbox 144 3852 1295 3922; baseline 0.003 -18"><span class='ocrx_word' id='word_1_516' title='bbox 144 3866 293 3913; x_wconf 81' lang='lat' dir='ltr'><strong>praesens</strong></span> <span class='ocrx_word' id='word_1_517' title='bbox 312 3869 430 3906; x_wconf 88' lang='lat' dir='ltr'><strong>numen</strong></span> <span class='ocrx_word' id='word_1_518' title='bbox 449 3863 492 3906; x_wconf 90' lang='lat' dir='ltr'><strong>est</strong></span> <span class='ocrx_word' id='word_1_519' title='bbox 512 3853 581 3907; x_wconf 89' lang='lat' dir='ltr'><strong>deus</strong></span> <span class='ocrx_word' id='word_1_520' title='bbox 600 3853 647 3922; x_wconf 93' lang='lat' dir='ltr'><strong>qui</strong></span> <span class='ocrx_word' id='word_1_521' title='bbox 669 3863 786 3906; x_wconf 87' lang='lat' dir='ltr'><strong>uocatus</strong></span> <span class='ocrx_word' id='word_1_522' title='bbox 805 3852 886 3906; x_wconf 91' lang='lat' dir='ltr'><strong>adest</strong></span> <span class='ocrx_word' id='word_1_523' title='bbox 905 3852 1055 3906; x_wconf 88' lang='lat' dir='ltr'><strong>efficaciter</strong></span> <span class='ocrx_word' id='word_1_524' title='bbox 1075 3854 1134 3906; x_wconf 90' lang='lat' dir='ltr'><strong>Ecl.</strong></span> <span class='ocrx_word' id='word_1_525' title='bbox 1149 3852 1165 3906; x_wconf 90' lang='lat' dir='ltr'><strong>i.</strong></span> <span class='ocrx_word' id='word_1_526' title='bbox 1179 3867 1221 3918; x_wconf 87' lang='lat'><strong>41.</strong></span> <span class='ocrx_word' id='word_1_527' title='bbox 1258 3859 1295 3907; x_wconf 84' lang='lat' dir='ltr'><strong>ut</strong></span> 
     </span>
     <span class='ocr_line' id='line_1_50' title="bbox 144 3921 1295 3992; baseline 0.003 -19"><span class='ocrx_word' id='word_1_528' title='bbox 144 3923 193 3973; x_wconf 85' lang='lat' dir='ltr'><strong>ilii</strong></span> <span class='ocrx_word' id='word_1_529' title='bbox 206 3938 262 3974; x_wconf 94' lang='lat' dir='ltr'><strong>non</strong></span> <span class='ocrx_word' id='word_1_530' title='bbox 275 3921 326 3976; x_wconf 84' lang='lat' dir='ltr'><strong>fuit</strong></span> <span class='ocrx_word' id='word_1_531' title='bbox 339 3923 472 3977; x_wconf 91' lang='lat' dir='ltr'><strong>subsidio.</strong></span> <span class='ocrx_word' id='word_1_532' title='bbox 588 3927 659 3977; x_wconf 82' lang='lat'><strong>284.</strong></span> <span class='ocrx_word' id='word_1_533' title='bbox 679 3927 793 3977; x_wconf 79' lang='lat' dir='ltr'><strong>Hercei</strong></span> <span class='ocrx_word' id='word_1_534' title='bbox 806 3925 873 3978; x_wconf 86' lang='lat' dir='ltr'><strong>Eur.</strong></span> <span class='ocrx_word' id='word_1_535' title='bbox 886 3922 990 3976; x_wconf 88' lang='lat' dir='ltr'><strong>Troad.</strong></span> <span class='ocrx_word' id='word_1_536' title='bbox 1006 3923 1037 3975; x_wconf 91' lang='lat'><strong>16</strong></span> <span class='ocrx_word' id='word_1_537' title='bbox 1049 3925 1113 3992; x_wconf 84' lang='grc' dir='ltr'>πρὸς</span> <span class='ocrx_word' id='word_1_538' title='bbox 1126 3923 1154 3975; x_wconf 78' lang='grc' dir='ltr'><strong>δὲ</strong></span> <span class='ocrx_word' id='word_1_539' title='bbox 1167 3922 1295 3989; x_wconf 83' lang='grc' dir='ltr'>κρηπίδων</span> 
     </span>
     <span class='ocr_line' id='line_1_51' title="bbox 144 3991 1294 4062; baseline 0.004 -20"><span class='ocrx_word' id='word_1_540' title='bbox 144 3991 252 4057; x_wconf 88' lang='grc' dir='ltr'>βάθροις</span> <span class='ocrx_word' id='word_1_541' title='bbox 270 3994 392 4046; x_wconf 87' lang='grc' dir='ltr'>Πέπτωκε</span> <span class='ocrx_word' id='word_1_542' title='bbox 412 3995 529 4062; x_wconf 84' lang='grc' dir='ltr'>Πρίαμος</span> <span class='ocrx_word' id='word_1_543' title='bbox 546 3995 624 4059; x_wconf 86' lang='grc' dir='ltr'>Ζηνὸς</span> <span class='ocrx_word' id='word_1_544' title='bbox 640 3991 754 4060; x_wconf 79' lang='grc' dir='ltr'>Ἐριιείου</span> <span class='ocrx_word' id='word_1_545' title='bbox 772 3993 862 4046; x_wconf 86' lang='grc' dir='ltr'>θανόν.</span> <span class='ocrx_word' id='word_1_546' title='bbox 911 3993 1039 4047; x_wconf 84' lang='lat' dir='ltr'><strong>Tradidit</strong></span> <span class='ocrx_word' id='word_1_547' title='bbox 1061 3993 1090 4046; x_wconf 90' lang='lat' dir='ltr'><strong>id</strong></span> <span class='ocrx_word' id='word_1_548' title='bbox 1111 3993 1243 4047; x_wconf 84' lang='lat' dir='ltr'><strong>Arctinus</strong></span> <span class='ocrx_word' id='word_1_549' title='bbox 1265 3993 1294 4047; x_wconf 85' lang='lat' dir='ltr'><strong>in</strong></span> 
     </span>
     <span class='ocr_line' id='line_1_52' title="bbox 147 4060 1295 4133; baseline 0.004 -20"><span class='ocrx_word' id='word_1_550' title='bbox 147 4060 281 4130; x_wconf 90' lang='lat' dir='ltr'><strong>lliupersi.</strong></span> <span class='ocrx_word' id='word_1_551' title='bbox 328 4063 444 4117; x_wconf 75' lang='lat' dir='ltr'><strong>Rhoetei</strong></span> <span class='ocrx_word' id='word_1_552' title='bbox 460 4064 536 4133; x_wconf 93' lang='lat' dir='ltr'><strong>quod</strong></span> <span class='ocrx_word' id='word_1_553' title='bbox 554 4065 660 4117; x_wconf 91' lang='lat' dir='ltr'><strong>habent</strong></span> <span class='ocrx_word' id='word_1_554' title='bbox 680 4063 759 4118; x_wconf 90' lang='lat' dir='ltr'><strong>multi</strong></span> <span class='ocrx_word' id='word_1_555' title='bbox 780 4064 855 4117; x_wconf 89' lang='lat' dir='ltr'><strong>MSS</strong></span> <span class='ocrx_word' id='word_1_556' title='bbox 875 4063 988 4133; x_wconf 90' lang='lat' dir='ltr'><strong>respicit</strong></span> <span class='ocrx_word' id='word_1_557' title='bbox 1007 4063 1091 4117; x_wconf 88' lang='lat' dir='ltr'><strong>aliam</strong></span> <span class='ocrx_word' id='word_1_558' title='bbox 1113 4064 1237 4118; x_wconf 87' lang='lat' dir='ltr'><strong>fabulam</strong></span> <span class='ocrx_word' id='word_1_559' title='bbox 1258 4064 1295 4118; x_wconf 91' lang='lat' dir='ltr'><strong>de</strong></span> 
     </span>
     <span class='ocr_line' id='line_1_53' title="bbox 145 4131 1295 4203; baseline 0.003 -19"><span class='ocrx_word' id='word_1_560' title='bbox 145 4131 249 4185; x_wconf 89' lang='lat' dir='ltr'><strong>Priami</strong></span> <span class='ocrx_word' id='word_1_561' title='bbox 271 4144 369 4187; x_wconf 90' lang='lat' dir='ltr'><strong>morte.</strong></span> <span class='ocrx_word' id='word_1_562' title='bbox 408 4136 486 4188; x_wconf 89' lang='lat' dir='ltr'><strong>Seru.</strong></span> <span class='ocrx_word' id='word_1_563' title='bbox 507 4136 577 4188; x_wconf 93' lang='lat' dir='ltr'><strong>Aen.</strong></span> <span class='ocrx_word' id='word_1_564' title='bbox 600 4134 626 4188; x_wconf 89' lang='lat' dir='ltr'><strong>ii.</strong></span> <span class='ocrx_word' id='word_1_565' title='bbox 648 4136 698 4202; x_wconf 83' lang='lat'><strong>506</strong></span> <span class='ocrx_word' id='word_1_566' title='bbox 716 4136 771 4188; x_wconf 89' lang='lat' dir='ltr'><strong>alii</strong></span> <span class='ocrx_word' id='word_1_567' title='bbox 787 4135 887 4188; x_wconf 80' lang='lat' dir='ltr'><strong>cti&#39;cunt</strong></span> <span class='ocrx_word' id='word_1_568' title='bbox 904 4134 1014 4203; x_wconf 84' lang='lat' dir='ltr'><strong>quoda</strong></span> <span class='ocrx_word' id='word_1_569' title='bbox 1032 4133 1145 4202; x_wconf 83' lang='lat' dir='ltr'><strong>Pyrrho</strong></span> <span class='ocrx_word' id='word_1_570' title='bbox 1165 4137 1196 4187; x_wconf 92' lang='lat' dir='ltr'><strong>in</strong></span> <span class='ocrx_word' id='word_1_571' title='bbox 1215 4135 1295 4188; x_wconf 85' lang='lat' dir='ltr'><strong>demo</strong></span> 
     </span>
     <span class='ocr_line' id='line_1_54' title="bbox 144 4203 1298 4273; baseline 0.003 -19"><span class='ocrx_word' id='word_1_572' title='bbox 144 4203 256 4271; x_wconf 85' lang='lat' dir='ltr'><strong>quidem</strong></span> <span class='ocrx_word' id='word_1_573' title='bbox 276 4221 329 4256; x_wconf 85' lang='lat' dir='ltr'><strong>sua</strong></span> <span class='ocrx_word' id='word_1_574' title='bbox 350 4208 449 4273; x_wconf 74' lang='lat' dir='ltr'><strong>captus</strong></span> <span class='ocrx_word' id='word_1_575' title='bbox 469 4211 511 4258; x_wconf 90' lang='lat' dir='ltr'><strong>est</strong></span> <span class='ocrx_word' id='word_1_576' title='bbox 529 4206 579 4259; x_wconf 85' lang='lat' dir='ltr'><strong>sed</strong></span> <span class='ocrx_word' id='word_1_577' title='bbox 595 4206 634 4258; x_wconf 79' lang='lat' dir='ltr'><strong>aet</strong></span> <span class='ocrx_word' id='word_1_578' title='bbox 650 4207 793 4259; x_wconf 87' lang='lat' dir='ltr'><strong>tumulum</strong></span> <span class='ocrx_word' id='word_1_579' title='bbox 814 4204 938 4257; x_wconf 80' lang='lat' dir='ltr'><strong>Achillis</strong></span> <span class='ocrx_word' id='word_1_580' title='bbox 958 4210 1066 4257; x_wconf 83' lang='lat' dir='ltr'><strong>tractus</strong></span> <span class='ocrx_word' id='word_1_581' title='bbox 1083 4207 1239 4273; x_wconf 79' lang='lat' dir='ltr'><strong>occisusque</strong></span> <span class='ocrx_word' id='word_1_582' title='bbox 1255 4210 1298 4258; x_wconf 88' lang='lat' dir='ltr'><strong>est</strong></span> 
     </span>
     <span class='ocr_line' id='line_1_55' title="bbox 144 4274 1294 4345; baseline 0.003 -20"><span class='ocrx_word' id='word_1_583' title='bbox 144 4274 228 4326; x_wconf 83' lang='lat' dir='ltr'><strong>iuxta</strong></span> <span class='ocrx_word' id='word_1_584' title='bbox 246 4275 363 4343; x_wconf 77' lang='lat' dir='ltr'><strong>Sigeum</strong></span> <span class='ocrx_word' id='word_1_585' title='bbox 377 4278 614 4345; x_wconf 80' lang='lat' dir='ltr'><strong>proncunturium</strong></span> <span class='ocrx_word' id='word_1_586' title='bbox 629 4295 636 4340; x_wconf 83' lang='lat'>3</span> <span class='ocrx_word' id='word_1_587' title='bbox 660 4293 726 4328; x_wconf 87' lang='lat' dir='ltr'><strong>nam</strong></span> <span class='ocrx_word' id='word_1_588' title='bbox 744 4277 775 4328; x_wconf 89' lang='lat' dir='ltr'><strong>in</strong></span> <span class='ocrx_word' id='word_1_589' title='bbox 794 4275 912 4328; x_wconf 85' lang='lat' dir='ltr'><strong>Rhoeteo</strong></span> <span class='ocrx_word' id='word_1_590' title='bbox 930 4275 958 4326; x_wconf 83' lang='lat' dir='ltr'><strong><em>A</em></strong></span> <span class='ocrx_word' id='word_1_591' title='bbox 954 4275 1014 4342; x_wconf 82' lang='lat' dir='ltr'><strong>jan</strong></span> <span class='ocrx_word' id='word_1_592' title='bbox 1028 4275 1156 4343; x_wconf 75' lang='lat' dir='ltr'><strong>sepultus</strong></span> <span class='ocrx_word' id='word_1_593' title='bbox 1173 4280 1220 4328; x_wconf 88' lang='lat' dir='ltr'><strong>est.</strong></span> <span class='ocrx_word' id='word_1_594' title='bbox 1256 4277 1294 4328; x_wconf 95' lang='lat' dir='ltr'><strong>At</strong></span> 
     </span>
     <span class='ocr_line' id='line_1_56' title="bbox 146 4343 1294 4413; baseline 0.001 -17"><span class='ocrx_word' id='word_1_595' title='bbox 146 4344 256 4397; x_wconf 92' lang='lat' dir='ltr'><strong>Seneca</strong></span> <span class='ocrx_word' id='word_1_596' title='bbox 277 4345 381 4398; x_wconf 91' lang='lat' dir='ltr'><strong>Troad.</strong></span> <span class='ocrx_word' id='word_1_597' title='bbox 406 4361 471 4413; x_wconf 83' lang='lat'>1123</span> <span class='ocrx_word' id='word_1_598' title='bbox 494 4346 522 4399; x_wconf 96' lang='lat' dir='ltr'><strong>in</strong></span> <span class='ocrx_word' id='word_1_599' title='bbox 548 4347 677 4399; x_wconf 90' lang='lat' dir='ltr'><strong>Rhoeteo</strong></span> <span class='ocrx_word' id='word_1_600' title='bbox 701 4347 839 4399; x_wconf 90' lang='lat' dir='ltr'><strong>tumulum</strong></span> <span class='ocrx_word' id='word_1_601' title='bbox 863 4344 980 4397; x_wconf 93' lang='lat' dir='ltr'><strong>Achillis</strong></span> <span class='ocrx_word' id='word_1_602' title='bbox 1005 4344 1103 4413; x_wconf 92' lang='lat' dir='ltr'><strong>ponit:</strong></span> <span class='ocrx_word' id='word_1_603' title='bbox 1132 4361 1195 4397; x_wconf 88' lang='lat' dir='ltr'><strong>aras</strong></span> <span class='ocrx_word' id='word_1_604' title='bbox 1217 4352 1244 4396; x_wconf 89' lang='lat' dir='ltr'><strong>et</strong></span> <span class='ocrx_word' id='word_1_605' title='bbox 1265 4343 1294 4397; x_wconf 92' lang='lat' dir='ltr'><strong>in</strong></span> 
     </span>
     <span class='ocr_line' id='line_1_57' title="bbox 146 4414 1295 4485; baseline 0.001 -19"><span class='ocrx_word' id='word_1_606' title='bbox 146 4414 276 4468; x_wconf 90' lang='lat' dir='ltr'><strong>Rhoeteo</strong></span> <span class='ocrx_word' id='word_1_607' title='bbox 295 4425 323 4468; x_wconf 90' lang='lat' dir='ltr'><strong>et</strong></span> <span class='ocrx_word' id='word_1_608' title='bbox 342 4415 370 4468; x_wconf 94' lang='lat' dir='ltr'><strong>in</strong></span> <span class='ocrx_word' id='word_1_609' title='bbox 391 4416 475 4485; x_wconf 91' lang='lat' dir='ltr'><strong>Sigeo</strong></span> <span class='ocrx_word' id='word_1_610' title='bbox 494 4415 580 4470; x_wconf 84' lang='lat' dir='ltr'><strong>fuisse</strong></span> <span class='ocrx_word' id='word_1_611' title='bbox 599 4416 678 4470; x_wconf 86' lang='lat' dir='ltr'><strong>testis</strong></span> <span class='ocrx_word' id='word_1_612' title='bbox 698 4426 740 4470; x_wconf 90' lang='lat' dir='ltr'><strong>est</strong></span> <span class='ocrx_word' id='word_1_613' title='bbox 759 4416 820 4484; x_wconf 91' lang='lat' dir='ltr'><strong>ipse</strong></span> <span class='ocrx_word' id='word_1_614' title='bbox 843 4415 962 4468; x_wconf 90' lang='lat' dir='ltr'><strong>Ouidius</strong></span> <span class='ocrx_word' id='word_1_615' title='bbox 986 4417 1026 4467; x_wconf 93' lang='lat' dir='ltr'><strong>M.</strong></span> <span class='ocrx_word' id='word_1_616' title='bbox 1044 4414 1079 4468; x_wconf 86' lang='lat' dir='ltr'><strong>xi.</strong></span> <span class='ocrx_word' id='word_1_617' title='bbox 1100 4427 1147 4481; x_wconf 88' lang='lat'><strong>197</strong></span> <span class='ocrx_word' id='word_1_618' title='bbox 1164 4414 1263 4467; x_wconf 87' lang='lat' dir='ltr'><strong>allatus</strong></span> <span class='ocrx_word' id='word_1_619' title='bbox 1277 4431 1295 4467; x_wconf 88' lang='lat' dir='ltr'><strong>a</strong></span> 
     </span>
     <span class='ocr_line' id='line_1_58' title="bbox 147 4484 1296 4559; baseline 0 -22"><span class='ocrx_word' id='word_1_620' title='bbox 147 4485 285 4540; x_wconf 89' lang='lat' dir='ltr'><strong>Merkelio</strong></span> <span class='ocrx_word' id='word_1_621' title='bbox 297 4487 423 4540; x_wconf 79' lang='lat' dir='ltr'><strong>Dextera</strong></span> <span class='ocrx_word' id='word_1_622' title='bbox 435 4488 522 4559; x_wconf 83' lang='lat' dir='ltr'><strong>Sigei,</strong></span> <span class='ocrx_word' id='word_1_623' title='bbox 536 4487 652 4541; x_wconf 76' lang='lat' dir='ltr'><strong>Rhoetei</strong></span> <span class='ocrx_word' id='word_1_624' title='bbox 666 4489 749 4541; x_wconf 91' lang='lat' dir='ltr'><strong>laeua</strong></span> <span class='ocrx_word' id='word_1_625' title='bbox 764 4486 904 4557; x_wconf 74' lang='lat' dir='ltr'><strong>profundi</strong></span> <span class='ocrx_word' id='word_1_626' title='bbox 914 4485 941 4538; x_wconf 86' lang='grc' dir='ltr'><em>Α</em></span> <span class='ocrx_word' id='word_1_627' title='bbox 945 4502 979 4538; x_wconf 86' lang='lat' dir='ltr'><strong>ra</strong></span> <span class='ocrx_word' id='word_1_628' title='bbox 997 4484 1195 4555; x_wconf 78' lang='lat' dir='ltr'><strong>Panomphaeo</strong></span> <span class='ocrx_word' id='word_1_629' title='bbox 1214 4490 1296 4537; x_wconf 89' lang='lat' dir='ltr'><strong>uetus</strong></span> 
     </span>
    </p>
   </div>
   <div class='ocr_carea' id='block_1_5' title="bbox 0 0 1524 5010">
    <p class='ocr_par' dir='ltr' id='par_1_5' title="bbox 0 0 1524 5010">
     <span class='ocr_line' id='line_1_59' title="bbox 0 0 1524 5010; baseline 0 0"><span class='ocrx_word' id='word_1_630' title='bbox 0 0 1524 5010; x_wconf 95' lang='lat' dir='ltr'><strong> </strong></span> 
     </span>
    </p>
   </div>
  </div>
 </body>
</html>
