3038 5010
216 381 284 440 xxvi
629 373 956 461 superdonans.

258 537 337 597 Nam
353 553 463 595 errasse
472 534 662 611 Saluagnium
676 535 746 593 dum
757 534 930 610 Cinyphiam
944 535 1066 594 humum
1077 531 1133 611 (ib.
1146 529 1215 612 222)
1227 530 1368 610 Libycam

218 621 428 696 interpretatur,
451 617 538 676 docet
559 635 620 676 non
641 617 737 675 solum
759 616 858 676 Ouidii
878 634 956 686 usus,
979 616 1031 675 sed
1051 616 1184 674 omnium
1206 621 1368 690 poetarum.

219 702 288 778 Ipse
302 699 479 759 uocabulum
493 699 591 774 posuit
604 697 690 757 Pont.
704 699 732 756 ii.
746 711 772 773 7.
787 712 822 771 25
841 696 995 773 Cinyphiae
1007 700 1103 773 segetis
1116 699 1197 755 ci'ti'ies
1211 696 1370 754 numerabis

219 783 341 840 tarenis
353 781 475 855 Altaque
488 798 570 854 quam
584 780 678 836 multis
684 781 791 855 floreat
802 779 900 854 Hybla
913 780 1021 854 thymis,
1036 780 1086 837 ubi
1100 779 1225 854 loquitur
1239 779 1275 836 de
1290 779 1369 836 uler-

221 865 305 921 rimis
322 865 405 921 oruir
424 879 476 938 per
497 879 571 936 quae
591 860 702 936 Cinyps
723 860 830 919 decidit
849 858 933 938 (Mel.
950 861 968 918 i.
987 875 1022 935 37
1039 859 1084 918 ed.
1100 859 1232 934 Parthey,
1247 858 1283 918 ci.
1298 858 1369 934 Lyc.

222 949 281 1018 885
305 946 422 1018 Αὕσιγδα
449 943 587 1016 Κινῦφειος
614 941 644 1012 ἦν
670 945 769 1016 τέγγων
794 942 856 1015 fidos
883 947 999 1012 Νασμοῑς
1026 938 1167 1019 λιπαίνει);
1198 939 1240 997 Μ.
1262 959 1288 999 v.
1313 959 1368 1012 124

224 1026 378 1100 Cinyphius
392 1024 504 1083 Pelates
518 1023 567 1081 ubi
582 1041 650 1082 cum
665 1023 726 1081 aliis
737 1021 853 1081 Africae
872 1023 989 1099 populis
1002 1023 1128 1096 iungitur
1142 1032 1173 1080 ut
1187 1022 1371 1080 Marmaridis

220 1125 256 1166 20
264 1106 485 1165 Nasamonibus
496 1123 504 1176 ;
527 1103 570 1162 M.
582 1123 627 1162 xv.
642 1117 700 1179 754
711 1102 905 1179 Numidasque
918 1105 1027 1162 rebelles
1040 1103 1260 1180 Cinyphiumque
1270 1102 1371 1160 Iubam

220 1189 270 1247 ubi
284 1188 376 1245 Iubae
390 1186 503 1244 uidetur
517 1186 599 1260 regni
613 1186 701 1243 finem
717 1186 754 1243 ab
769 1185 921 1244 occidente
936 1185 1106 1261 significare,
1121 1185 1157 1244 cf.
1172 1184 1244 1242 Luc.
1257 1205 1283 1260 9.
1300 1203 1358 1258 300
1362 1203 1371 1256 ;

221 1269 264 1329 M.
287 1282 343 1343 272
363 1267 503 1343 Squameo
523 1265 660 1342 Cinyphii
677 1269 766 1324 tenuis
787 1267 945 1324 membrana
964 1267 1093 1340 chelydri,
1114 1285 1183 1324 nam
1204 1265 1373 1324 abundabat

221 1351 405 1426 serpentibus
427 1347 548 1425 Cinypis
577 1349 658 1423 regio
682 1348 761 1406 unde
784 1347 922 1406 Lucanus
946 1348 982 1406 ix.
1009 1351 1065 1422 787
1091 1347 1127 1405 61
1153 1365 1223 1423 sepe
1247 1347 1371 1423 loquens

224 1431 378 1507 Cinyphias
399 1432 470 1488 inter
484 1437 574 1504 pestes
593 1429 648 1487 tili
659 1432 756 1503 palma
778 1431 895 1487 nocendi.
937 1429 1045 1486 Hireos
1062 1428 1213 1505 Cinyphias
1226 1427 1371 1504 Vergilius

222 1512 260 1573 G.
275 1513 312 1570 iii.
334 1530 402 1586 312,
421 1510 506 1568 Silius
524 1511 561 1568 iii.
583 1512 649 1584 276,
671 1510 813 1568 Martialis
831 1511 884 1568 viii.
907 1525 954 1584 51.
977 1529 1022 1580 rr,
1042 1511 1228 1581 xiv.140..a,
1251 1511 1372 1584 scriptor

221 1592 446 1671 Epigrammatis
461 1591 551 1650 Anth.
566 1591 600 1649 L.
619 1594 674 1650 186
687 1611 695 1664 ;
728 1591 883 1666 Cinyphias
897 1593 1015 1666 paludes
1034 1602 1065 1650 ut
1082 1592 1184 1667 optimi
1198 1591 1247 1648 lini
1261 1590 1372 1649 feraces

170 1743 174 1750 ⁸
224 1676 342 1735 Gratius
362 1673 436 1749 Cyn.
452 1693 489 1747 34
512 1683 731 1732 commemorat.
779 1672 838 1730 Sed
858 1674 974 1748 grauior
995 1675 1075 1731 testis
1097 1673 1182 1731 nobis
1205 1671 1290 1730 Silius
1311 1671 1372 1742 erit,

222 1757 357 1816 locorum
371 1755 606 1830 diligentissimus
620 1764 768 1813 enarrator
782 1753 854 1811 Pun.
870 1755 896 1811 ii.
913 1768 950 1831 59

405 1835 538 1894 Ammoni
558 1837 605 1892 liic
620 1839 732 1911 genitus
751 1835 942 1911 Phorcynidos
962 1842 1046 1893 antra
1067 1834 1203 1893 Medusae

410 1916 628 1992 Cinyphiumque
648 1914 760 1987 Macen,
781 1923 808 1973 et
825 1919 919 1991 i'niquo
939 1938 952 1974 e
973 1919 1027 1974 sole
1046 1918 1160 1975 calentes

224 2048 230 2055 .
407 1997 559 2055 Battiadas
580 1999 633 2055 lote
653 1999 767 2073 imperio
785 2001 948 2072 sceptrisque
968 1999 1084 2074 regebat.

223 2091 253 2140 et
266 2080 303 2138 iii.
321 2093 376 2154 275
611 2077 748 2154 Cinyphii
764 2079 881 2137 didicere
900 2078 1005 2138 Macae

224 2163 275 2239 qui
302 2160 448 2237 Cinypem
473 2159 576 2229 Macis‚
604 2160 716 2237 populo
745 2161 871 2235 regionis
897 2161 1024 2235 Syrticae
1045 2160 1171 2240 (Herod.
1192 2161 1228 2220 iv.
1253 2173 1318 2234 175,
1342 2157 1373 2238 6)

225 2243 368 2318 adsignat,
377 2242 503 2317 facitque
513 2239 670 2316 Cyrenaeis
681 2241 905 2300 contemninos*
928 2241 1005 2302 Vide
1016 2241 1171 2302 Cellarium
1182 2242 1219 2302 ad
1231 2242 1279 2301 Sil.
1288 2243 1315 2299 11.
1325 2256 1374 2315 59.

267 2325 316 2382 An
331 2323 411 2381 aliter
425 2341 471 2381 res
485 2322 636 2381 odoranda
649 2332 699 2394 est,
715 2323 753 2381 ad
771 2323 849 2381 aliud
866 2322 1036 2387 deducimur
1053 2325 1166 2382 cubile?
1202 2325 1279 2383 Nam
1295 2323 1375 2400 quod

226 2405 314 2464 habet
335 2404 489 2463 scholiasta
511 2403 541 2461 P
561 2404 599 2462 ad
622 2422 678 2462 222
702 2406 748 2462 uel
769 2406 837 2480 quio
859 2411 943 2462 notus
967 2412 1007 2462 est
1029 2407 1059 2463 in
1081 2408 1142 2480 ipso
1165 2405 1305 2481 Cinyphia
1328 2404 1378 2461 ubi

226 2487 371 2546 abundant
382 2487 461 2544 liirci
472 2485 511 2543 ita
525 2494 621 2560 potest
633 2503 736 2543 uerum
750 2504 813 2544 esse
827 2495 858 2543 ut
875 2486 1043 2561 Cinyphiam
1058 2488 1171 2545 humum
1185 2505 1247 2545 non
1262 2486 1298 2544 de
1312 2486 1376 2561 ipsa

227 2569 346 2644 regione
362 2565 481 2643 Cinypis
500 2567 702 2642 interpreteris,
718 2584 812 2642 neque
827 2585 897 2625 uero
911 2577 1060 2644 tamquam
1074 2567 1184 2645 Libyca
1198 2578 1311 2626 tantum
1330 2568 1374 2637 sit,

227 2651 281 2709 sed
302 2659 333 2707 ut
354 2648 391 2707 de
411 2649 530 2724 regione
552 2648 661 2706 dictum
681 2657 765 2723 putes
786 2666 861 2724 quae
882 2649 967 2708 hircis
988 2649 1163 2709 abundabat.
1213 2648 1294 2707 Talis
1315 2657 1376 2706 erat

229 2730 363 2800 Mendes,
377 2731 446 2787 urbs
460 2729 596 2804 Aegypti,
610 2729 675 2786 ὅπου
695 2732 740 2786 τὸν
754 2735 826 2785 Πᾶνα
846 2737 940 2802 τιμῶσι
960 2734 1000 2786 καὶ
1021 2738 1071 2787 τῶν
1087 2735 1157 2799 ζώων
1173 2735 1266 2805 τράγον
1281 2730 1375 2788 Sirab.

230 2816 298 2882 802,
314 2812 363 2870 ubi
377 2828 477 2869 uersus
491 2810 607 2868 Pindari
622 2810 655 2868 fr.
670 2825 726 2884 215
742 2811 818 2881 citat,
834 2810 869 2869 ci.
883 2812 995 2870 Herod.
1007 2813 1034 2869 ii.
1047 2831 1093 2885 42,
1107 2814 1155 2885 46.
1199 2811 1257 2870 Sed
1271 2821 1300 2870 et
1314 2812 1376 2887 ipse

227 2894 323 2953 hircus
337 2893 441 2949 niendes
453 2892 664 2968 Aegyptiorum
679 2892 778 2968 lingua
792 2894 951 2951 uocabatur
965 2893 1090 2972 (Herod.
1106 2892 1181 2971 10).
1217 2893 1281 2951 Ν10
1297 2892 1377 2951 deest

228 2975 319 3033 homo
339 2972 536 3037 †Mendesius
557 2973 684 3049 aequalis
706 2972 822 3044 Ouidio,
843 2975 973 3049 potentia
993 2975 1166 3050 praecipuus
1188 2984 1217 3033 et
1238 2975 1287 3051 qui
1308 2991 1377 3032 eum

228 3066 356 3116 euertere
371 3063 477 3131 posset.
511 3053 696 3131 Thrasyllum
712 3055 785 3126 6100,
797 3056 976 3130 astrologum
990 3074 1146 3126 summum,
1157 3074 1245 3132 quem
1259 3065 1378 3131 propter

228 3139 359 3214 peritiam
377 3135 590 3195 Chaldaeorum
611 3136 678 3194 artis
697 3137 838 3209 Tiberius,
853 3155 890 3195 ex
911 3156 970 3213 quo
993 3139 1144 3196 scientiam
1164 3139 1225 3196 eius
1242 3147 1377 3213 expertus

228 3229 288 3278 erat
310 3217 417 3288 Rhodi,
439 3235 499 3294 quo
523 3214 618 3291 748l6
641 3236 678 3275 ex
699 3216 779 3276 Vrbe
800 3229 966 3287 secesserat,
986 3218 1061 3277 inter
1081 3219 1197 3277 intimos
1218 3219 1378 3277 amicorum

228 3301 347 3359 tenebat
361 3297 447 3377 (Tac.
461 3299 538 3356 Ann.
553 3299 589 3356 vi.
606 3297 666 3376 20).
708 3297 814 3358 Narrat
832 3300 872 3357 ibi
885 3300 1006 3358 Tacitus
1021 3299 1172 3359 Tiberium
1190 3300 1378 3376 praecipitare

229 3400 297 3441 eum
311 3382 341 3438 in
355 3381 475 3456 pelagus
490 3380 657 3450 destinasse,
673 3380 727 3437 nisi
743 3381 912 3456 Thrasyllus
927 3383 1115 3457 iuterrogatus
1128 3402 1166 3439 an
1179 3401 1259 3440 suam
1277 3400 1378 3457 quoque

225 3463 372 3541 genitalem
393 3463 490 3518 liorem
511 3462 687 3535 comperisset,
710 3479 778 3518 cum
798 3464 903 3537 positus
924 3464 1046 3520 siderum
1070 3483 1104 3520 oc
1127 3465 1218 3539 spatia
1242 3464 1379 3520 dimensus

229 3553 313 3615 esset,
330 3542 522 3601 exclamasset
542 3542 701 3617 ambiguum
720 3542 779 3600 sili
796 3562 830 3600 oe
844 3553 929 3619 prope
950 3546 1076 3603 ultimum
1097 3547 1244 3603 discrimen
1265 3546 1378 3602 instare.
1479 3547 1481 3551 ’

265 3719 279 3752 ‘i
296 3716 351 3762 Non
366 3729 405 3761 me
422 3715 480 3778 fugit
494 3715 608 3762 Mauram
625 3731 638 3762 2
654 3714 733 3762 quen.
746 3716 777 3763 11.
790 3713 845 3775 308,
858 3731 881 3765 x.
897 3729 943 3780 224
960 3717 1015 3777 poni
1033 3725 1153 3777 tamquam
1170 3717 1294 3778 turpissimi
1312 3717 1380 3763 scorti

232 3782 372 3841 exemplum,
384 3782 458 3827 uerbis
474 3790 527 3827 utor
544 3781 676 3827 Buecheleri
692 3781 777 3829 Rhein.
790 3783 851 3830 Mus.
863 3797 934 3829 xxxv.
947 3792 1003 3845 397,
1016 3785 1080 3829 cuius
1096 3791 1241 3842 contemptus
1257 3783 1381 3842 primordia

233 3847 257 3892 in
269 3846 368 3905 Priapeia
379 3845 425 3895 xlv.
435 3859 458 3906 3,
468 3847 522 3895 xlvi.
535 3858 545 3892 1
557 3847 618 3893 idem
632 3846 780 3893 Buechelerus
792 3849 890 3894 notauit
919 3848 1001 3908 Neque
1012 3849 1065 3894 1600
1076 3857 1154 3895 tamen
1167 3849 1300 3894 crediderim
1313 3849 1381 3908 Ciny-

230 3910 312 3972 plriam
324 3911 360 3957 hic
373 3919 470 3958 matrem
484 3913 553 3958 Ibidis
565 3921 684 3972 tamquam
696 3912 811 3958 Mauram
821 3912 845 3959 h.
855 3929 875 3960 e.
888 3914 1001 3960 sordidam
1013 3913 1090 3972 lupam
1103 3915 1239 3974 appellatam
1249 3914 1278 3960 ab
1287 3914 1380 3960 Ouidio.

265 3977 284 4034 †
301 3976 360 4025 Plut.
377 3977 406 4024 de
425 3977 556 4024 1111111111.
595 3979 650 4025 Non
667 3978 1044 4025 12111021121111600011121111111
1061 3980 1122 4025 hunc
1139 3979 1259 4025 Clintonus
1276 3979 1382 4026 statuerit

233 4106 294 4156 Plut.
314 4107 342 4154 de
360 4108 480 4155 Μ111.2111
500 4110 640 4172 astrologum
658 4108 727 4163 hunc,
744 4107 873 4155 Tiberiiet
891 4110 968 4156 Ouidii
987 4111 1112 4170 aequalem,
1133 4110 1208 4157 fuisse.
1241 4110 1333 4168 Scripsit
1353 4109 1383 4155 de

234 4172 324 4219 Musica
336 4172 469 4234 Thrasyllus
480 4174 605 4220 Phliasius:
623 4174 676 4233 quid
693 4173 747 4220 huic
763 4188 815 4220 cum
833 4175 975 4236 astrologia?
1008 4176 1094 4221 Contra
1107 4175 1226 4221 Mendesio
1238 4183 1317 4234 aptum
1329 4175 1383 4222 scri-

233 4241 287 4285 bere
296 4240 453 4301 Aegyptiace:
470 4254 544 4300 neque
555 4240 604 4286 eius
614 4239 683 4285 fidem
695 4238 784 4285 uidetur
796 4240 885 4287 01111211
892 4241 1017 4287 Muellerus
1028 4241 1068 4300 qui
1080 4241 1209 4303 fragmenta
1220 4240 1313 4303 collegit
1322 4241 1382 4287 Hist.

234 4305 317 4351 Graec.
329 4305 360 4351 iii.
376 4319 414 4364 pp.
428 4316 548 4367 501-504.
582 4305 640 4352 Vide
652 4304 797 4351 Recherches
812 4320 849 4351 sur
865 4305 935 4352 12111
952 4315 977 4353 11
993 4305 1024 4352 111
1041 4320 1154 4367 ouvrages
1171 4306 1200 4352 de
1211 4305 1331 4366 Thrasylle
1342 4320 1383 4365 par

234 4368 271 4416 M.
283 4365 366 4415 l'Abbe
377 4369 444 4416 Sevin
456 4370 479 4415 111
490 4371 536 4417 101.
545 4385 561 4416 x
572 4370 611 4417 des
623 4370 748 4417 Memoires
764 4370 792 4416 de
804 4371 940 4418 Litterature
952 4372 1009 4418 tirez
1025 4370 1063 4417 des
1075 4370 1192 4434 Registres
1203 4371 1231 4416 de
1243 4370 1383 4418 l'Acaddmie

233 4434 323 4496 Royale
335 4434 373 4481 des
386 4434 533 4496 Inscriptions
544 4444 567 4483 et
579 4436 652 4483 Belles
664 4435 754 4482 Lettres
765 4434 862 4498 (1736).
