3038 5010
689 396 734 455 IN
757 396 852 456 IBIN.
1303 397 1342 454 99

233 555 398 614 Menander
412 555 551 615 Graecus.
595 556 665 612 Pal.
685 568 770 630 1709.

234 636 397 695 Menander
412 637 551 696 Comicus
567 636 755 695 Atheniensis
769 635 839 696 dum
854 636 885 694 in
899 635 1019 696 Piraeeo
1034 645 1122 714 portu
1136 645 1256 709 nataret,
1271 640 1339 696 sub·

190 736 304 776 mersus
319 727 371 788 est,
387 719 424 777 de
439 736 499 793 quo
514 718 711 777 nobilissimae
726 737 744 776 a
759 716 878 776 Graecis
898 718 991 778 editae
1010 719 1162 780 traduntur
1175 718 1295 794 Elegiae
1309 728 1339 778 et

190 817 208 857 a
223 798 402 858 Callimacho
416 799 613 875 Epigramma.
659 798 725 858 Cod.
741 798 906 876 Saluagnii.

232 881 249 938 i.
271 880 427 939 Terentius
442 881 499 957 qui,
515 881 586 940 dum
602 881 693 939 adiret
708 879 863 941 Graeciam
877 879 1010 941 deserens
1025 880 1198 954 comoedias,
1212 881 1244 940 in
1258 898 1340 941 mare

190 971 323 1020 mortuus
337 972 388 1020 est.
430 963 469 1021 P.

233 1057 302 1118 593.
330 1043 398 1102 Aut
425 1044 483 1102 ubi
511 1052 703 1103 uentosum.
755 1042 802 1103 De
827 1042 965 1102 Palinuro
990 1056 1094 1102 notum
1118 1053 1163 1104 est
1185 1043 1339 1121 quomodo

189 1125 283 1201 periit.
328 1123 365 1183 G.

230 1205 382 1264 Palinurus
403 1215 492 1263 nauta
512 1204 633 1264 Aeneae
655 1224 756 1264 somno
778 1205 878 1282 pulsus
899 1205 930 1262 in
950 1223 1031 1264 mare
1051 1206 1173 1264 cecidit:
1206 1206 1336 1265 natando

189 1296 288 1344 tamen
302 1287 340 1345 ad
354 1286 419 1345 litus
435 1288 555 1347 ueniens
571 1306 588 1344 a
602 1287 778 1364 quibusdam
799 1287 966 1364 putantibus
986 1287 1067 1345 illum
1087 1305 1151 1346 esse
1173 1299 1336 1346 monstrum

189 1369 305 1428 occisus
320 1378 372 1438 est,
387 1378 417 1426 ut
435 1368 463 1426 d.
478 1368 624 1443 Virgilius·
670 1367 703 1427 C.

230 1449 380 1507 Palinurus
401 1449 454 1508 fuit
474 1459 562 1508 nauta
583 1449 705 1508 Aeneae
726 1467 815 1526 quem
836 1448 1031 1526 appellantem
1053 1447 1184 1507 litoribus
1204 1459 1336 1527 pastores

188 1528 400 1602 interfecerunt,
416 1540 551 1608 putantes
565 1522 661 1608 ipsum
676 1549 740 1590 esse
754 1541 897 1589 mostrum
912 1531 1064 1589 marinum.
1106 1529 1144 1587 P.

232 1626 300 1686 595.
322 1612 433 1688 thue
455 1612 699 1672 cothurnatum
719 1622 844 1671 uatem.
886 1611 1042 1689 Euripides
1059 1629 1077 1671 a
1095 1611 1216 1670 canibus
1234 1611 1335 1671 dilani-

188 1703 262 1751 atus·
307 1693 372 1753 Cod.
390 1692 552 1769 Saluagns'i.

229 1774 358 1846 Quidam
372 1775 498 1850 tragicus
513 1775 583 1833 dum
597 1786 686 1834 noctu
701 1774 753 1832 iret
768 1772 941 1833 studendoa
956 1774 1076 1832 canibus
1090 1784 1209 1832 uoratus
1220 1784 1272 1846 est,
1285 1777 1335 1852 qui

188 1853 255 1914 ideo
268 1855 401 1915 dicuntur
416 1874 479 1914 esse
493 1857 524 1914 in
539 1857 626 1914 tutela
640 1855 812 1919 †Mineruae
825 1855 873 1914 uel
887 1857 956 1932 quia
969 1864 1014 1915 est
1028 1855 1109 1914 canis
1123 1873 1213 1933 sagax
1228 1857 1334 1916 animal

187 1935 235 1995 uel
250 1938 317 2014 quia
331 1939 372 1996 eis
387 1939 474 1995 utitur
488 1938 518 1995 in
532 1937 677 1996 uenando.
723 1935 759 1997 G.

229 2017 379 2094 Lupercus
400 2029 482 2077 uates
506 2019 636 2094 quodam
661 2019 708 2077 die
731 2019 841 2076 intrans
867 2017 1010 2093 templum
1033 2017 1148 2079 Dianae
1168 2038 1187 2077 ο
1212 2019 1334 2080 canibus

187 2098 284 2175 ipsum
298 2100 439 2175 templum
454 2101 683 2159 custodientibus
697 2099 875 2158 dilaceratur.
917 2098 1014 2159 Marc.

231 2193 298 2256 597.
319 2181 387 2240 Aut
403 2190 439 2239 ut
453 2182 663 2240 Trinacrius.
698 2179 905 2259 Empedocles,
916 2181 1020 2241 uolens
1034 2180 1113 2240 credi
1127 2180 1199 2240 deus
1213 2181 1333 2243 immor·

187 2260 259 2331 talis,
274 2264 305 2320 in
319 2262 447 2321 Aetnam
462 2263 602 2338 prosiluit.
647 2261 684 2321 G.

228 2343 423 2420 Philosophus
445 2345 564 2419 quidam
585 2344 622 2402 de
645 2343 750 2415 Sicilia,
772 2344 822 2420 qui
843 2343 1047 2403 Trinacrius
1073 2342 1176 2404 dicitur
1199 2361 1217 2402 a
1240 2344 1332 2404 tribus

187 2425 388 2484 excelsissimis
403 2427 565 2496 montibus,
575 2435 606 2483 ut
621 2426 692 2483 deus
707 2425 877 2484 immortalis
891 2424 1052 2497 haberetur,
1068 2424 1197 2485 Aetnam
1215 2425 1331 2496 insiluit,

187 2523 261 2580 quae
286 2524 401 2582 semper
422 2507 531 2565 euomit
554 2507 663 2582 ignem,
686 2507 765 2584 quod
790 2507 893 2566 dicitur
914 2507 1031 2566 euenire
1054 2515 1174 2584 propter
1196 2507 1334 2583 gigantas

186 2587 405 2654 subtermersos.
449 2587 597 2646 Horatius.
642 2587 676 2648 C.

226 2669 244 2726 i.
266 2668 468 2744 Empedocles.
512 2669 580 2741 Hic,
602 2669 676 2728 sicut
699 2669 798 2729 recitat
819 2669 968 2741 Horatius,
990 2677 1096 2744 putans
1117 2667 1209 2728 taliter
1230 2668 1330 2728 haberi

187 2749 259 2808 deus
273 2751 381 2808 insiluit
395 2750 425 2808 in
439 2750 569 2809 Aetnam
583 2760 611 2810 et
626 2760 757 2809 mortuus
772 2761 824 2810 est.
866 2752 904 2810 P.

222 2883 282 2931 593.
300 2868 420 2921 eeneeC
508 2867 632 2921 sonnol)
719 2874 872 2921 monstrum
885 2870 951 2921 Aen.
966 2868 1008 2922 VI.
1024 2884 1073 2932 359
1086 2867 1123 2920 Ni
1136 2883 1201 2933 gens
1213 2867 1330 2921 crudelis

185 2937 292 2989 madida
310 2953 374 2989 cum
392 2943 471 2990 ueste
487 2944 631 3004 grauatum
644 2938 880 3006 Prensantemque
898 2938 976 2990 uncis
990 2937 1114 2990 manibus
1130 2938 1219 3004 capita
1235 2953 1330 3006 aspera
1391 2982 1398 2991 .

185 3009 285 3059 montis
295 3007 381 3060 Ferro
392 3009 532 3061 inuasisset
542 3009 725 3076 praedamque
735 3008 828 3074 ignara
837 3013 964 3076 putasset.
992 3009 1329 3062 ErroremScholiastarum

183 3098 215 3130 ex
229 3078 372 3147 Vergiliano
385 3098 459 3132 uersu
474 3093 523 3144 379
537 3079 671 3146 Prodigiis
688 3079 742 3132 acti
755 3079 916 3132 caelestibus
930 3094 990 3131 ossa
1004 3078 1118 3147 piabunt
1129 3097 1177 3132 non
1193 3081 1272 3148 inepte
1283 3100 1328 3132 ex-

180 3149 298 3217 plicahis.
333 3151 385 3203 Pro
399 3159 511 3203 monstro
519 3153 580 3217 fuit
600 3151 722 3204 Palinuri
734 3162 822 3220 corpur
838 3149 990 3220 neglectum:
1013 3151 1041 3203 id
1055 3150 1128 3202 inscii
1139 3151 1177 3202 ad
1186 3161 1329 3204 monstrum

184 3222 314 3272 marinum
327 3221 523 3274 transtulerunt.

220 3306 281 3355 595.
299 3291 423 3343 minerue
437 3293 469 3358 G,
481 3311 626 3360 quanquam
638 3293 665 3344 in
677 3301 747 3345 textu
760 3293 834 3344 habet
846 3290 944 3356 Diane,
957 3310 1000 3344 nec
1012 3293 1062 3344 nisi
1073 3290 1110 3343 ad
1121 3291 1238 3343 Dianam
1247 3302 1328 3360 potest
1389 3309 1392 3315 ·

184 3360 277 3426 referri
286 3380 378 3415 canum
388 3365 528 3430 sagacitas.
584 3362 725 3429 Lupercus
737 3367 830 3415 autern
839 3367 871 3413 ut
883 3362 927 3414 alii
939 3362 1085 3428 scriptores
1098 3360 1193 3413 dicunt
1202 3359 1327 3427 lupercus

184 3432 341 3485 uatesMurc
387 3429 416 3500 a]
428 3437 457 3484 et
466 3434 543 3487 Mure
569 3433 622 3486 Hoc
634 3435 670 3485 sr'c
681 3443 754 3486 extat
763 3435 789 3486 in
799 3433 850 3486 Get
858 3433 924 3485 Ask.
943 3431 1052 3484 Pesalus
1062 3429 1263 3500 (pesulusAsk.)
1274 3430 1326 3485 fuit

184 3501 294 3568 quidam
306 3502 443 3568 tragedus,
453 3519 509 3570 quo
522 3508 633 3555 mortuo
643 3503 706 3570 quia
718 3502 843 3555 omuibus
853 3507 912 3555 erat
925 3502 1026 3554 inuisus
1039 3501 1157 3554 cadauer
1166 3501 1223 3553 eius
1233 3499 1327 3570 (suurn

184 3571 301 3624 cadauer
316 3570 349 3640 C)
366 3573 478 3626 canibus
496 3572 549 3626 fuit
567 3574 721 3640 expositum
740 3579 768 3625 et
786 3574 821 3625 ab
840 3573 890 3625 illis
908 3573 1085 3625 dilaceratum
1101 3583 1158 3641 post
1175 3591 1238 3640 quac
1254 3573 1327 3626 addit

184 3643 249 3694 Ask.
269 3642 360 3695 Diana
378 3644 503 3696 uenatrix
522 3650 551 3696 et
572 3643 748 3696 uenatoribus
767 3659 848 3697 canes
867 3643 1046 3697 conueniunt.
1081 3643 1152 3696 Haec
1170 3645 1205 3695 sic
1222 3645 1326 3711 explico.

184 3715 319 3781 Lupercus,
341 3715 467 3769 Italorum
487 3716 547 3767 deus
572 3716 682 3783 idemque
706 3725 787 3782 uates,
806 3733 877 3782 quem
901 3726 930 3769 ut
953 3717 979 3768 in
1003 3714 1076 3783 agris
1090 3717 1170 3781 feras
1194 3724 1326 3767 uenantem

184 3784 315 3837 cothurnos
329 3796 444 3852 gestasse
461 3784 577 3838 credibile
592 3796 636 3851 est,
649 3787 709 3838 dum
727 3787 811 3839 intrat
828 3786 948 3854 templum
961 3786 1065 3838 Dianae
1079 3785 1144 3852 quod
1158 3785 1327 3838 custodiebant

183 3873 265 3920 canes,
276 3857 378 3908 animal
393 3856 458 3925 lupis
475 3857 676 3922 injustissimum,
688 3855 722 3909 ab
738 3857 777 3908 his
794 3857 909 3909 laniatur
922 3867 968 3909 est.
1005 3856 1046 3922 Cf.
1058 3856 1129 3908 Plut.
1142 3856 1191 3924 Qu.
1204 3856 1277 3909 Rom.
1292 3858 1324 3907 68

183 3923 224 3977 διὰ
241 3925 265 3978 ri
282 3923 345 3978 κύνα
362 3923 469 3978 θύουσιν
486 3927 510 3977 ol
524 3924 680 3995 Λούπερκοι;
703 3924 717 3993 h
734 3925 812 3982 λύκος
830 3925 876 3995 μὲν
894 3928 908 3978 ὁ
926 3928 1024 3980 λοῦπός
1042 3925 1109 3990 ἔστι,
1123 3927 1163 3978 καὶ
1180 3923 1276 3978 Λύκοιο
1293 3928 1325 3979 τὰ

182 3995 376 4064 Ᾰοοπερκάλιο5
393 3994 463 4068 λύκῳ
473 3996 501 4048 δὲ
511 3994 576 4049 κύων
585 3995 709 4066 πολέμιος
722 3997 762 4049 καὶ
770 3996 812 4049 διὰ
820 4000 896 4050 τοῦτο
909 3995 995 4050 θύεται
1008 3999 1062 4050 τοῖς
1072 3995 1204 4050 Auraioss:
1221 3997 1254 4049 ib.
1267 4014 1325 4050 111.

181 4065 230 4118 Hic
243 4068 379 4135 Lupercus,
392 4079 462 4120 uates
475 4069 648 4133 cothurnatus,
659 4086 715 4120 cum
728 4068 870 4135 Lupercam
883 4086 984 4121 uxorem
997 4069 1108 4133 haberet,
1120 4067 1273 4121 Phaestulus
1286 4069 1328 4120 uel

182 4138 320 4190 Faustulus
337 4138 389 4190 alio
401 4140 498 4191 nomine
514 4137 655 4206 signficari
671 4138 779 4190 creditus
797 4148 842 4190 cst.
886 4138 935 4190 Sed
944 4137 1078 4192 Phaestuli
1094 4141 1191 4190 nomine
1201 4142 1228 4191 in
1240 4136 1326 4192 Pesul'

182 4219 297 4275 corrupto
310 4227 372 4260 uera
384 4208 431 4260 illa
434 4209 535 4276 fabula
547 4226 624 4276 quam
637 4208 713 4260 Mure
722 4211 835 4261 seruauit
848 4209 994 4262 oblitterata
1005 4220 1042 4262 est
1049 4228 1059 4276 ,·
1077 4209 1241 4261 cothurnatus
1254 4219 1325 4261 uates

182 4280 254 4330 cessit
266 4280 293 4330 in
306 4279 470 4346 tragoedum:
489 4291 569 4332 cetera
582 4297 641 4331 mox
654 4278 854 4346 affingebantur,
867 4280 1074 4346 quemadmodum
1087 4279 1205 4346 leguntur
1217 4280 1243 4330 in
1256 4279 1284 4332 C.

218 4362 277 4413 597.
296 4349 423 4402 inomG
482 4348 748 4403 excellentissimisG
806 4348 986 4403 ethnamCP
1044 4349 1201 4414 gigantesG
1259 4348 1326 4400 Hor.

180 4420 217 4540 qq.
228 4421 259 4473 P.
273 4421 324 4540 46q
338 4418 404 4541 delus
417 4420 568 4474 inmortalis
579 4419 674 4473 haberi
687 4418 763 4471 Dum
776 4420 851 4486 cupit
864 4419 1045 4486 Empedocles
1057 4418 1200 4471 ardentem
1212 4417 1326 4482 frigidus

206 4495 298 4542 etnam
326 4490 365 4541 nsi
376 4489 425 4543 uit.

722 4575 791 4625 112
