3038 5010
184 385 241 440 186
645 380 868 440 EXCVRSVS.

181 538 240 592 uim
253 536 314 592 eius
327 536 356 591 in
369 554 400 592 se
413 537 560 605 conuertit,
569 547 597 592 et
610 537 647 591 ab
659 553 695 592 eo
707 547 869 606 peremptus
882 544 933 590 est.
962 533 1047 590 Diod
1061 533 1098 590 iii.
1109 535 1143 603 67
1156 537 1201 590 τὸν
1213 535 1241 590 δὲ
1255 536 1333 591 Λίνον

181 609 224 662 ἐπὶ
239 611 357 676 ποιητικῇ
375 610 415 661 καὶ
431 608 545 677 psit-din
561 608 742 675 θαυμασθέντα
757 608 871 676 μαθητάς
886 608 962 676 σχεῖν
973 605 1098 674 πολλούς,
1110 607 1333 676 ἐπιφανεστάτους

181 679 210 732 δὲ
227 681 295 744 τρεῖς
304 676 437 745 Ἠρακλέα
450 677 572 748 θαμύραν
584 680 625 732 καὶ
636 678 744 748 Ὀρφέα.
780 676 882 730 Τούτων
894 677 923 729 δὲ
934 679 979 731 τὸν
990 676 1037 746 μὲν
1046 674 1179 747 Ἡρακλέα
1195 678 1333 746 κιθαρίζειν

181 749 342 817 μανθάνοντα
359 748 401 802 διὰ
420 749 466 817 τὴν
481 750 526 816 τῆς
543 750 633 818 ψυχῆς
650 748 797 817 βραδυτῆτα
815 748 849 816 μὴ
866 746 992 802 δύνασθαι
1009 747 1134 815 δέξασθαι
1150 747 1196 817 τὴν
1209 749 1333 816 μάθησιν,

180 817 259 873 ἔπειθ’
280 819 330 872 ὑπὸ
350 823 396 873 τοῦ
417 820 494 873 Λίνου
514 821 626 890 πληγαῖς
646 819 824 887 ἐπιτιμηθέντα
848 818 1034 888 διοργισθῆναι,
1056 820 1097 872 καὶ
1118 819 1150 885 τῇ
1174 819 1265 888 κιθάρᾳ
1287 820 1334 872 τὸν

182 890 340 943 διδάσκαλον
357 889 505 955 πατάξαντα
523 888 677 942 ἀποκτεῖναι.
716 890 806 943 Plaut.
825 890 930 943 Bacch.
949 888 967 943 i.
982 903 1008 942 2.
1022 903 1057 956 43
1078 889 1148 957 Lyd.
1165 890 1333 960 Magistrum

181 977 349 1030 quanquam
366 961 537 1031 discipulum
555 961 741 1014 minitarier?
778 959 921 1014 Pistocler.
940 961 1004 1012 Iam
1021 961 1136 1014 excessit
1150 961 1194 1013 mi
1207 964 1286 1013 aetas
1298 977 1336 1014 ex

181 1033 344 1100 magisteria
362 1037 418 1084 tna.
457 1031 525 1100 Lyd
545 1031 602 1085 Nil
617 1048 714 1084 moror
728 1031 880 1100 discipulos
898 1029 971 1084 milri
985 1047 1042 1083 esse
1056 1030 1157 1100 plenos
1173 1032 1333 1101 sanguinis.

187 1102 288 1154 Valens
308 1101 422 1171 afflr'ctet
440 1119 484 1154 me
504 1103 633 1155 naeinam
655 1103 772 1154 nemum.
818 1100 961 1155 Pistocler.
983 1102 1077 1169 Fiam,
1099 1105 1202 1171 retego
1223 1102 1333 1181 ορίνιον,

181 1172 326 1239 Hercules,
343 1177 376 1225 tn
394 1178 488 1225 antem
506 1173 606 1226 Linus.
644 1174 725 1224 Haec
744 1172 832 1226 altera
850 1170 999 1240 explicatio
1017 1171 1203 1240 praeferenda
1221 1171 1334 1225 uidetur

182 1242 243 1295 siue
256 1242 332 1311 quod
343 1241 445 1295 melius
459 1242 499 1296 sic
512 1242 605 1296 uerbis
618 1248 719 1310 poetae
732 1241 893 1308 consulitur,
907 1258 971 1295 cum
986 1241 1048 1296 Lini
1060 1241 1242 1296 seueritatem
1254 1242 1334 1296 laesa

182 1312 281 1366 dextra
298 1312 428 1366 Herculis
446 1329 518 1382 quae
537 1312 633 1381 sensit,
648 1313 751 1367 eadem
768 1312 925 1380 ulciscatur,
939 1312 1000 1366 siue
1016 1312 1092 1382 quod
1111 1312 1184 1367 inter
1200 1312 1333 1381 antiquos

182 1383 266 1436 ualde
279 1382 397 1437 celebris
411 1384 481 1437 haec
494 1383 613 1437 historia
624 1383 683 1437 fuit.
716 1381 930 1438 Demonstrauit
943 1383 998 1436 hoe
1012 1383 1047 1437 Ο.
1060 1382 1177 1437 Iahnius
1188 1381 1333 1450 (Berichte

182 1453 234 1521 der
247 1453 374 1508 Saxisch.
388 1454 585 1522 Gesellschaft,
600 1455 676 1521 1853,
690 1470 736 1523 pp.
754 1453 884 1521 145-150)
897 1452 946 1521 qui
963 1453 1034 1507 duas
1050 1453 1162 1507 tabulas
1175 1452 1333 1522 exprimen-

183 1524 235 1577 das
247 1523 355 1577 curauit
368 1523 469 1604 quibus
482 1540 527 1578 res
540 1523 691 1578 manifesto
704 1523 817 1593 depicta
829 1533 880 1578 est.
918 1522 1013 1577 Prima
1026 1523 1113 1592 (Mus.
1128 1523 1331 1578 Pio-clement.

182 1594 253 1647 Tab.
267 1612 291 1648 x.
306 1592 334 1661 α)
350 1594 451 1648 Lmum
464 1595 550 1648 habet
560 1594 592 1648 in
605 1594 674 1648 sella
686 1595 842 1661 sedentem,
855 1594 967 1648 sublata
979 1593 1078 1648 dextra
1089 1603 1236 1663 tamquam
1249 1592 1333 1648 disci-

182 1666 279 1732 pulum
297 1663 492 1718 uehementius
510 1665 673 1719 admoneat.
709 1666 782 1718 Puer
793 1673 904 1719 torosus
918 1665 1056 1718 Hercules
1069 1681 1104 1718 ex
1120 1664 1241 1718 aduerso
1253 1673 1334 1718 stans

182 1735 272 1803 lyram
289 1751 423 1803 magnam
440 1734 554 1789 sinistra
570 1744 656 1803 tenet,
669 1735 768 1789 dextra
779 1734 849 1789 ferit.
889 1736 956 1788 Post
969 1735 1044 1789 hunc
1057 1744 1132 1789 astat
1144 1734 1258 1789 semina.
1298 1736 1332 1789 ln

182 1807 271 1860 altera
292 1815 335 1859 est
356 1805 491 1859 barbatus
515 1805 601 1859 Linus
623 1804 734 1859 innixus
756 1805 854 1859 dextro
878 1822 961 1874 genu,
983 1805 1082 1860 dextra
1107 1805 1219 1860 sublata
1243 1806 1334 1873 lyram

182 1885 316 1945 torquens
341 1893 397 1944 qua
422 1892 453 1929 se
477 1885 576 1930 contra
601 1876 754 1930 Herculem
779 1875 909 1929 iuuenem
934 1884 1046 1944 tutetur,
1071 1876 1194 1930 eundem
1218 1875 1334 1930 sinistra

182 1955 313 2016 protenta
338 1946 501 2014 implorans.
550 1948 584 2000 In
609 1963 674 2000 eum
699 1963 782 2000 ruens
809 1946 947 2000 Hercules
975 1944 1090 2000 sinistra
1114 1944 1240 2014 iugulum
1270 1945 1333 1999 Lini

182 2016 293 2085 premit,
318 2016 416 2070 dextra
440 2017 543 2085 pedem
568 2018 662 2084 sellae,
687 2017 766 2071 cuius
790 2017 880 2070 fracta
906 2017 1035 2071 membra
1061 2016 1140 2070 humi
1165 2016 1267 2084 iacent,
1293 2015 1334 2068 in-

182 2097 282 2154 tentat,
304 2086 361 2139 iam
383 2085 440 2141 iam
465 2086 616 2142 occisurus.
655 2086 844 2142 Circumstant
864 2096 995 2157 quattuor
1016 2086 1133 2142 iuuenes
1155 2086 1257 2156 trepidi
1280 2103 1334 2140 nec

185 2157 256 2211 Lino
269 2174 430 2210 succurrere
443 2157 588 2211 audentes.

220 2228 352 2281 Ceterum
369 2226 398 2280 in
417 2226 578 2280 obscuriore
597 2227 659 2281 loco
678 2243 735 2280 non
753 2226 849 2281 inutile
868 2226 920 2282 erit
936 2226 1078 2298 quaedam
1091 2226 1127 2282 de
1139 2226 1239 2301 dextra
1257 2245 1334 2282 com·

184 2314 341 2351 memorare
354 2314 426 2365 qnae
439 2297 501 2350 aliis
514 2296 624 2366 possint
641 2314 704 2352 esse
717 2297 891 2352 adiumento.
928 2300 1005 2352 Nam
1018 2298 1144 2367 profecto
1156 2315 1213 2352 non
1226 2309 1335 2352 temere

185 2367 339 2422 Merkelius
357 2366 546 2422 Scholiastam
563 2367 660 2421 audire
679 2368 777 2422 maluit
789 2385 876 2438 quam
893 2368 1040 2437 Saluagnii
1059 2368 1156 2424 statim
1174 2369 1334 2438 adprobare

183 2438 361 2492 sententiam.
400 2437 494 2492 Potuit
513 2438 596 2506 igitur
611 2439 726 2491 etentera
743 2439 819 2492 laesa
837 2454 901 2493 esse
914 2439 953 2506 (1)
968 2440 1075 2492 Eorum
1094 2438 1141 2508 qui
1160 2448 1190 2493 ut
1208 2456 1334 2509 pugnam

183 2509 381 2576 detrectarent,
406 2524 521 2561 manum
546 2510 645 2562 hastae
669 2509 849 2577 gestatricem
872 2509 920 2578 (H.
942 2511 974 2564 F.
993 2510 1054 2577 268,
1076 2511 1153 2578 Tyrt.
1174 2509 1206 2563 ir.
1228 2525 1267 2564 11.
1287 2509 1334 2578 25)

183 2588 356 2646 truncarunt,
374 2578 451 2632 uelut
470 2578 627 2633 Aeschines
648 2579 793 2633 accusauit
815 2580 1040 2634 Demosthenem
1062 2581 1139 2650 quod
1160 2589 1244 2649 caput
1268 2596 1335 2633 con·

184 2649 291 2704 cideret
309 2666 346 2703 ne
364 2648 392 2701 in
411 2649 517 2702 bellum
536 2648 587 2703 iret
608 2649 732 2720 Ctesiph.
747 2665 806 2718 213.
845 2652 960 2704 Praeter
976 2649 1178 2705 Archilochum
1196 2652 1335 2704 Alcaeum

186 2719 337 2773 Horatium
356 2718 403 2789 qui
422 2720 564 2788 parmulas
583 2719 746 2775 abiecerunt
768 2720 796 2774 in
818 2720 933 2790 proelio,
952 2720 1038 2776 etiam
1057 2720 1229 2775 Xenoclides
1248 2727 1335 2789 po'e'ta

184 2807 228 2859 ap.
244 2793 328 2844 Dem.
343 2792 447 2844 Neaer.
463 2803 529 2859 1353
546 2789 698 2859 ἀστρατείας
714 2790 860 2845 conuictus
877 2790 986 2846 dicitur.
1025 2791 1083 2845 Sed
1099 2790 1169 2845 nihil
1184 2791 1220 2844 de
1232 2791 1334 2844 horum

185 2861 290 2915 dextris
302 2859 436 2915 traditum
449 2871 501 2916 est.

222 2930 260 3000 (2)
280 2933 387 2985 Eorum
405 2930 453 3000 qui
476 2948 512 2986 ne
530 2930 691 2997 militarent,
710 2932 809 2986 dextra
829 2930 1040 2986 mutilabantur.
1078 2930 1125 2986 Sic
1144 2930 1335 2986 Athenienses

184 3001 334 3072 Aeginetrs
351 3003 403 3070 qni
418 3003 504 3055 classe
522 3003 655 3056 nalebant
666 3003 783 3072 pellices
800 3001 996 3071 praeciderunt
1013 3001 1083 3070 (Cic.
1099 3002 1154 3056 Off.
1170 3001 1209 3056 iii.
1225 3016 1265 3055 11.
1278 3002 1334 3070 46).

186 3074 285 3125 Paullo
297 3071 378 3126 aliter
389 3072 523 3126 Aelianus
536 3074 569 3126 V.
583 3074 621 3127 H.
632 3072 659 3127 ii.
670 3071 881 3142 9Ἐψηφὶσαντο
893 3074 917 3125 oi
928 3072 1058 3141 Ἀθηναῖοι
1072 3073 1212 3142 Αἰγινητῶν
1223 3073 1335 3126 ἑκάστου

184 3144 229 3197 τὸν
241 3143 322 3212 μέγαν
335 3143 469 3211 ἀποκόψαι
486 3145 530 3209 τῆς
547 3144 634 3229 ηειρὸς
650 3143 776 3197 δάκτυλον
792 3146 837 3211 τῆς
853 3143 946 3210 δεξιᾶς,
959 3141 999 3197 ἵνα
1016 3143 1079 3210 δόρυ
1090 3144 1137 3211 μὲν
1148 3144 1288 3208 βαστάζειν
1299 3143 1335 3209 μὴ

185 3211 316 3277 δύνωνται,
339 3214 424 3278 κώπην
448 3212 476 3265 δὲ
500 3213 615 3267 ε’λαυνειν
638 3212 767 3268 δύνωνται.
817 3213 864 3268 Sic
889 3213 975 3268 iidem
1000 3213 1188 3268 Athenienses
1213 3212 1236 3266 si
1263 3212 1335 3267 mari

185 3282 319 3336 uicissent
329 3283 547 3352 Aegospotamis
556 3283 733 3338 destinarunt
746 3285 858 3338 dextras
867 3284 999 3338 omnibus
1012 3284 1159 3340 abscidere
1169 3300 1240 3355 quos
1252 3283 1335 3338 uiuos

185 3353 327 3422 cepissent
341 3355 412 3406 Xen.
429 3354 541 3408 Hellen.
554 3353 580 3408 ii.
598 3370 618 3407 1.
633 3355 688 3420 fin,
703 3356 772 3408 Plut.
789 3357 851 3423 Lys.
866 3354 901 3409 ix.

223 3423 262 3493 (3)
284 3423 481 3492 Pugnantium,
494 3434 524 3478 ut
539 3424 696 3492 Cynaegiri,
715 3425 806 3479 fratris
825 3424 968 3495 Aeschyli,
987 3442 1052 3480 cum
1068 3441 1171 3480 nauem
1191 3423 1336 3484 Persicam

185 3511 271 3548 manu
290 3494 524 3563 adprehendisset
544 3495 650 3548 Herod.
666 3495 701 3549 vi.
722 3511 778 3564 114,
797 3497 860 3550 Val.
881 3498 956 3550 Max
976 3495 1012 3550 iii.
1031 3511 1056 3549 2.
1075 3511 1127 3550 22:
1152 3504 1180 3549 et
1200 3497 1230 3549 C.
1251 3495 1335 3549 Acilii

185 3564 246 3619 siue
258 3564 335 3618 Atilii
353 3565 400 3634 qui
419 3565 523 3619 nauali
538 3565 579 3619 ad
592 3566 756 3619 Massiliam
770 3567 886 3636 praelia,
905 3568 1008 3621 enr'ecta
1025 3568 1056 3619 in
1070 3568 1194 3636 puppim
1211 3565 1335 3619 lrastium

184 3636 286 3689 dextra
306 3641 334 3688 et
353 3636 458 3689 abscisa
479 3636 655 3689 memorabile
674 3637 752 3690 illml
769 3638 850 3706 apud
869 3638 987 3691 Graecos
1006 3638 1160 3708 Cynaegiri
1177 3636 1336 3706 exemplum

185 3708 316 3759 imitatus
333 3706 484 3759 transilmt
503 3708 535 3759 in
556 3723 666 3775 nauem,
685 3708 801 3761 umbone
817 3707 913 3761 obuias
930 3725 1023 3777 agens,
1042 3709 1120 3762 Suet.
1141 3708 1221 3761 Caes.
1237 3707 1281 3774 68,
1300 3706 1337 3762 cf.

185 3776 247 3829 Val.
270 3777 346 3828 Max.
365 3775 402 3829 iii.
416 3791 439 3829 2.
455 3791 497 3844 22,
518 3777 590 3830 Plut.
605 3778 686 3832 Caes.
699 3777 752 3846 xvi,
773 3778 838 3832 Luc.
856 3777 894 3831 iii.
906 3779 968 3832 610.
1006 3781 1091 3831 Hunc
1109 3776 1163 3831 nisi
1183 3776 1336 3831 Suetonius

187 3846 353 3899 Plutarchus
381 3845 509 3900 Valerius
540 3847 578 3900 ad
608 3864 695 3901 unum
726 3865 824 3902 omnes
855 3848 973 3902 militem
1003 3857 1162 3916 uocassent,
1190 3847 1336 3901 crederem

185 3932 252 3968 cum
275 3932 310 3968 eo
329 3916 476 3969 confusum
498 3916 583 3970 fuisse
602 3934 687 3987 quem
706 3917 765 3972 Cic.
784 3919 822 3972 ad
842 3921 901 3973 Att.
919 3919 974 3972 xiv.
992 3933 1033 3972 20.
1052 3933 1068 3986 3
1088 3923 1199 3987 peltam
1216 3918 1336 3971 durissi-

186 4003 272 4052 mum,
293 3984 415 4038 Licinius
434 4003 480 4054 ap.
500 3987 557 4041 Cic.
579 3987 641 4041 Fin.
657 3989 674 4042 i.
691 4003 714 4043 2.
731 4002 744 4057 5
755 3989 886 4059 strrenm
904 3991 1067 4059 scriptorem
1085 3989 1222 4043 dixerunt.
1261 3988 1336 4041 lllud

186 4066 262 4110 certe
289 4056 442 4110 nemodum
469 4057 607 4126 probauit,
627 4060 701 4112 hunc
728 4059 846 4113 Atilium
873 4060 995 4114 eundem
1023 4077 1086 4113 esse
1115 4076 1198 4129 quem
1227 4057 1336 4111 Gellius

185 4145 229 4180 xv.
252 4141 294 4194 24,
316 4128 406 4179 Varro
428 4143 472 4195 ap.
497 4128 604 4183 Charis.
627 4142 677 4197 215
700 4147 766 4195 cum
787 4130 899 4184 Trabea
920 4139 947 4185 et
970 4129 1094 4185 Caecilio
1117 4130 1189 4183 inter
1209 4127 1337 4184 comicos

185 4206 348 4267 posuerunt.

220 4268 266 4322 Ad
278 4271 347 4335 60⁷,
360 4269 434 4321 608.

310 4339 381 4408 Qua
399 4355 458 4391 sua
475 4338 720 4399 †Penthiladen
739 4342 850 4410 proles
869 4351 919 4397 est
939 4343 1008 4396 ulta
1028 4343 1220 4411 Lycurgum,

347 4411 437 4462 Haec
456 4420 587 4464 maneat
606 4411 663 4464 teli
683 4421 714 4465 te
733 4428 861 4482 quoque
880 4413 977 4481 plaga
995 4412 1081 4466 noui.

221 4483 276 4535 Pro
288 4481 451 4534 Penteliden
464 4480 540 4550 quod
552 4481 658 4536 habent
671 4481 796 4552 plerique
809 4482 930 4552 codices
943 4485 969 4538 G
983 4484 1157 4556 pentiladen,
1170 4481 1294 4536 Vindob.
1306 4489 1336 4546 et
