3038 5010
228 405 285 462 168
629 396 978 461 COMMENTARIVS.

225 559 282 615 0d.
295 557 348 614 xix.
363 556 415 626 386
431 555 511 627 γρηῢς
528 555 556 609 δι’
571 555 665 625 λέβηθΙ
679 556 724 611 ἐλε
739 557 940 628 παμφανόωντα.
969 559 1022 609 Τοῦ
1037 554 1119 611 πόδας
1136 552 1290 623 ἐξαπένιζεν,
1308 551 1379 626 ὕδωρ

226 629 249 683 δ’
261 628 397 699 ἐνεχεύατο
414 628 500 682 πουλὺ
516 630 631 696 Ψυχρόν,
648 628 735 682 ἔπειτα
752 627 781 680 δέ
793 627 887 696 θερμόν
899 624 1042 696 ἐπήφυσεν·
1061 627 1141 695 αὐτὰρ
1153 625 1300 682 Ὀδυσσεὺς
1310 621 1379 692 ‘Isse

225 698 266 754 ἐπ’
286 699 445 769 ἐσχαρόφιν,
466 698 536 752 ποτὶ
555 698 587 751 δέ
609 700 723 752 σκότον
743 696 881 765 ἐτράπετ’
901 693 989 766 αἶψα.
1023 697 1117 750 Αὐτίκα
1138 698 1188 767 γὰρ
1213 698 1276 750 κατὰ
1297 696 1379 765 θυμὸν

226 767 328 836 όΐσατο,
341 769 375 838 μη
387 770 400 821 ἐ
412 770 534 830 λαβοῦσα
547 768 633 836 Οὒλὴν
645 769 833 838 ἀμφράσσαιτο
845 769 885 822 καί
897 767 1005 836 ἀμφαδὰ
1017 768 1080 837 ἔργα
1097 767 1207 838 γένοιτο.
1252 784 1273 822 a
1284 771 1379 821 caede

226 843 377 895 latentem
391 839 486 894 durius
500 838 608 893 dictum
620 839 656 893 de
669 856 704 893 eo
716 838 764 908 qui
778 856 808 892 se
826 840 948 892 occultat
966 855 1002 894 ne
1021 838 1157 907 prodatur
1175 838 1278 892 caedes
1292 854 1379 907 quam

227 920 318 981 parat.
354 912 400 964 An
423 928 456 964 ex
478 909 616 964 memoria
637 909 706 963 dixit
724 911 829 978 poeta?
854 919 883 962 ut
905 918 1016 978 putaret
1034 909 1166 978 Vlyssem
1184 910 1273 963 lotum
1291 908 1379 962 fuisse

223 985 377 1061 postquam
389 979 578 1034 Melanthium
588 989 728 1034 necasset.
756 981 834 1033 Nam
844 989 872 1033 et
884 978 914 1032 in
927 996 961 1033 eo
971 979 1047 1050 quod
1057 996 1160 1048 parens
1170 980 1310 1048 Vlyssem,
1320 994 1378 1032 non

226 1062 320 1105 nutrix
333 1052 417 1119 lauat,
430 1050 501 1104 alios
514 1060 627 1104 secutus
641 1060 692 1118 est,
706 1066 763 1103 non
778 1051 943 1104 Homerum.
1042 1053 1113 1102 624.
1131 1053 1283 1104 Prodidit.
1322 1049 1378 1103 Od.

228 1121 282 1176 xix.
295 1134 347 1190 473
359 1119 495 1191 Ἀφαμένη
515 1121 543 1174 δέ
560 1121 658 1191 γενείου
674 1118 811 1188 Ὀδυσσῆα
828 1120 989 1191 προσέειπεν.
1012 1115 1051 1172 ’11
1068 1118 1129 1188 μάλ’
1145 1119 1290 1174 Ὀδυσσεύς
1306 1119 1378 1186 ἐσσι,

227 1192 310 1260 φίλον
321 1191 403 1246 τέκος·
425 1191 485 1245 οὐδέ
502 1191 530 1245 σ’
542 1191 625 1261 ἔγωγε
642 1192 710 1259 Πρὶν
720 1191 801 1260 ἔγνων
818 1193 879 1260 πρὶν
895 1191 979 1245 πάντα
996 1189 1082 1244 ἄνακτ’
1098 1190 1160 1258 ἐμὸν
1175 1189 1378 1260 ἀμφαφάασθαι.

230 1264 311 1332 Quae
330 1263 418 1317 uerba
436 1272 466 1317 ut
483 1263 577 1316 locuta
595 1271 647 1329 est,
662 1262 823 1330 Penelopen
840 1261 952 1315 intuens
969 1260 1027 1314 iam
1045 1260 1101 1314 iam
1114 1260 1306 1329 significatura
1319 1269 1379 1314 erat

228 1333 348 1388 rediisse
366 1334 506 1401 Vlyssem,
525 1331 580 1386 nisi
599 1332 623 1386 is
642 1332 741 1386 dextra
759 1349 791 1385 0s
810 1331 926 1386 nutricis
947 1330 1121 1399 occlusisset,
1141 1331 1185 1385 his
1204 1329 1309 1385 additis
1326 1332 1378 1396 482

230 1406 310 1468 Maia,
328 1404 376 1471 τίη
397 1405 424 1470 μ’
441 1403 561 1457 ἐθέλεις
579 1402 705 1469 ὀλέσαι;
760 1404 861 1457 officio
881 1416 944 1471 ope,
962 1411 992 1456 ut
1016 1403 1056 1456 M.
1075 1401 1122 1457 xii.
1141 1416 1172 1470 91
1193 1403 1384 1455 remouebitur

229 1491 310 1528 omne
338 1475 481 1542 Tegmims
505 1475 632 1543 officium,
657 1479 751 1526 tamen
775 1473 955 1527 indestrictus
978 1472 1064 1526 abiba
1143 1487 1267 1540 parens,
1293 1472 1381 1526 immo

229 1544 332 1611 nutrix,
347 1544 401 1599 Od
414 1543 468 1598 xix.
482 1556 542 1612 354,
556 1560 628 1614 quae
641 1543 717 1612 apud
732 1544 890 1597 Homerum
903 1544 1043 1611 Euryclea
1055 1541 1133 1596 audit
1147 1557 1162 1610 3
1166 1555 1207 1611 57.
1235 1542 1322 1612 Atqui
1335 1559 1380 1612 ap.

232 1615 292 1669 Cic.
311 1616 395 1668 Tusc.
416 1614 498 1695 Disp.
517 1632 541 1669 v.
565 1614 604 1668 16.
626 1614 662 1680 46
685 1613 816 1667 Anticlea
837 1613 911 1667 Vlixi
933 1613 1021 1682 pedes
1045 1614 1163 1667 abluens
1185 1612 1326 1668 inducitur
1347 1630 1382 1667 ex

232 1685 343 1754 Niptris
360 1684 483 1738 Pacuui1.
526 1686 626 1755 Itaque
645 1683 705 1738 siue
726 1683 880 1738 Pacuuium
899 1684 960 1738 siue
980 1683 1145 1738 Ciceronem
1164 1701 1273 1738 errasse
1292 1683 1383 1737 credi·

231 1755 316 1823 deris,
335 1755 423 1809 habes
446 1772 495 1808 cur
511 1759 618 1825 pareus
638 1755 710 1809 haec
730 1754 758 1807 in
783 1754 871 1808 Ibidis
894 1771 977 1809 uersu
999 1764 1100 1808 uocata
1121 1753 1175 1808 sit:
1202 1771 1270 1808 nam
1291 1762 1383 1808 mater

231 1825 342 1895 Vlyssis
367 1825 506 1880 Anticlea.
602 1828 671 1880 626.
701 1828 837 1893 auxiliis,
857 1825 891 1878 iis
913 1825 960 1895 qui
985 1823 1036 1878 tibi
1061 1823 1191 1893 opitulari
1216 1825 1382 1879 debuerant.

230 1899 301 1963 627,
313 1900 341 1950 8.
362 1899 473 1958 Qualis
489 1913 554 1951 nox
569 1902 641 1950 acta
656 1901 704 1951 est
715 1899 835 1961 Phrygi
846 1899 958 1950 timido
972 1895 1077 1948 Doloni
1090 1911 1187 1959 equos
1198 1901 1291 1959 pacto
1304 1911 1383 1959 quos

230 1970 283 2022 fia.
297 1970 438 2021 Achilles
450 1977 601 2036 postquam
614 1976 714 2036 pactus
726 1976 801 2021 esset
814 1983 878 2020 cum
893 1968 1018 2038 Hectore
1030 1974 1060 2019 ut
1073 1965 1109 2018 ab
1119 1982 1154 2019 eo
1166 1982 1254 2035 equos
1264 1965 1383 2019 Achillis

232 2037 383 2106 acciperet,
395 2037 419 2091 si
432 2054 467 2093 ex
480 2039 653 2092 Graecorum
666 2036 765 2091 castris
779 2047 886 2091 certum
898 2042 1027 2090 nuntium
1040 2045 1211 2105 reportasset
1224 2053 1273 2090 eos
1286 2037 1383 2104 fugam

233 2107 364 2162 meditari
390 2108 435 2176 (ll.
454 2127 479 2162 x.
499 2122 558 2176 309,
579 2107 722 2175 321-323),
743 2125 808 2163 nox
830 2111 891 2162 tibi
911 2111 986 2161 talis
1006 2112 1066 2174 eat,
1087 2108 1142 2160 hoc
1163 2107 1250 2160 modo
1274 2116 1381 2176 agatur.

234 2179 339 2245 Dolon,
350 2177 498 2246 Troianus,
512 2178 649 2231 Eumedis
662 2174 797 2244 filius,⁶0s
809 2178 840 2246 δίη
849 2198 889 2231 τοι
899 2173 966 2232 εἶδος
977 2178 1024 2244 μέν
1032 2177 1076 2244 έην
1086 2177 1168 2242 κακός,
1178 2176 1247 2230 ἀλλὰ
1256 2177 1383 2244 ποδώκης,

233 2257 321 2303 noctu
339 2265 469 2316 egressus
494 2265 528 2302 ex
555 2248 613 2302 suis
631 2248 668 2301 ab
687 2249 789 2316 Vlysse
808 2258 836 2302 et
856 2247 997 2302 Diomede
1015 2246 1186 2316 nequiquam
1205 2246 1315 2315 fugiens
1334 2247 1385 2302 de·

234 2317 419 2388 prehenditur
433 2318 477 2385 (ll.
491 2337 516 2372 x.
531 2333 582 2386 322
596 2317 677 2387 sqq).
715 2320 852 2376 Orantem
865 2336 901 2372 ne
918 2328 1015 2388 pereat
1030 2318 1203 2387 interrogant
1216 2317 1252 2372 de
1265 2317 1384 2371 Troian-

236 2405 317 2444 orum
338 2390 458 2457 lortuna,
477 2398 505 2442 et
524 2405 607 2458 quem
627 2388 745 2457 quisque
765 2388 893 2443 ordinem
912 2398 1025 2455 teneat;
1049 2399 1110 2442 tum
1135 2388 1286 2457 compertis
1311 2405 1385 2458 quae

236 2457 275 2514 ibi
289 2460 453 2528 agebantur,
467 2457 623 2513 Diomedes
636 2458 774 2513 interficit.
864 2463 933 2516 627.
950 2475 1047 2524 equos
1061 2465 1162 2524 pacto.
1194 2459 1226 2512 ll.
1239 2477 1265 2513 x.
1279 2473 1327 2526 3²1
1343 2458 1385 2511 καί

236 2551 280 2599 μοι
294 2529 414 2598 ὄμοσσον
426 2525 463 2582 Ἠ
483 2530 530 2597 μέν
548 2529 608 2584 τοὺς
626 2527 719 2584 ἵππους
738 2551 766 2583 τε
786 2529 827 2582 καὶ
848 2529 949 2599 ἅρματα
968 2530 1075 2584 ποικίλα
1094 2530 1184 2599 χαλκῷ
1203 2531 1336 2597 Δωσέμεν,
1360 2526 1385 2582 oi

236 2600 382 2669 φορέουσιν
394 2597 511 2668 ἀμύμονα
522 2597 665 2668 Πηλείωνα.
737 2603 808 2654 628.
826 2604 946 2657 timido.
980 2601 1050 2654 ll.x.
1064 2599 1231 2669 374ἀδ’ἀρ’
1242 2600 1306 2667 ἔστη
1324 2599 1385 2669 πάρ·

236 2669 321 2737 βησέν
333 2691 361 2722 τε
373 2671 533 2738 Βαμβαίνων,
546 2670 646 2740 ἄραβος,
656 2669 684 2724 δέ
698 2670 740 2723 διά
753 2672 838 2738 στόμα
850 2672 945 2740 γίγνετ’
957 2670 1077 2739 ὀδόντων,
1092 2670 1200 2739 Χλωράς
1214 2669 1276 2723 ὑπαὶ
1292 2669 1385 2724 δείους.

236 2743 308 2796 629.
326 2744 451 2797 Rhesus
464 2740 499 2796 de
515 2758 571 2810 quo
590 2741 685 2799 Dolon
701 2741 888 2810 interrogatus
904 2742 942 2799 ab
954 2742 1056 2810 Vlysse
1074 2741 1146 2795 haec
1163 2741 1296 2795 retulerat
1313 2741 1344 2794 ll.
1358 2758 1385 2794 x.

236 2824 290 2880 435
304 2813 347 2864 'Eu
360 2811 388 2864 δέ
400 2813 468 2882 σφιν
479 2810 571 2880 Ῥῆσος
582 2811 717 2875 βασιλεύς,
729 2812 789 2866 πάις
801 2813 926 2878 Ἠϊονῆος,
938 2815 990 2864 Τοῦ
1003 2812 1033 2879 δη
1049 2812 1206 2866 καλλίστους
1220 2810 1314 2866 ἵππους
1329 2809 1386 2863 ἴδον

237 2880 283 2950 ἧδέ
295 2883 443 2952 μεγίστους·
460 2885 612 2951 Λευκότεροι
623 2884 717 2951 χιόνος,
730 2881 805 2936 θείειν
817 2882 840 2935 δ’
851 2882 984 2951 ἀνέμοισιν
996 2883 1087 2948 ὁμοῖοι.
1136 2897 1245 2936 somno
1256 2885 1386 2936 meliore

237 2956 389 3017 quiescas.
415 2953 542 3007 Rhesum
555 2952 628 3007 inter
639 2952 758 3007 comites
771 2953 898 3007 Thracas
911 2952 1098 3007 dormientem
1111 2969 1176 3006 curn
1188 2950 1338 3006 duodecim
1352 2968 1386 3005 ex

238 3023 297 3078 suis
316 3023 454 3079 interfecit
473 3023 649 3089 Diomedes3
670 3040 758 3093 equos
777 3023 836 3083 eius
856 3022 933 3076 iuxta
952 3022 1099 3076 dominum
1117 3022 1250 3091 religatos
1268 3024 1386 3091 Vlysses

239 3093 335 3161 abegit
350 3094 382 3147 ll.
395 3113 420 3148 x.
433 3107 494 3162 473,
507 3107 533 3162 4,
546 3095 607 3161 488,
620 3095 681 3162 498.
752 3096 822 3148 630.
841 3097 945 3156 Quam
959 3099 1088 3147 comites
1100 3095 1199 3147 Rhesi
1210 3098 1279 3148 tum
1290 3096 1387 3162 necis,

238 3170 313 3222 ante
334 3167 413 3219 uiae.
461 3164 612 3218 Notandus
640 3164 742 3233 duplex
769 3163 910 3231 genitiuus
936 3180 971 3217 ex
997 3181 1068 3220 uoce
1094 3167 1224 3218 comites
1249 3163 1386 3233 pendens,

238 3251 326 3304 quam
341 3233 418 3290 nolui
433 3233 591 3303 immutare,
604 3234 733 3303 quamuis
746 3233 836 3287 Rleeso
850 3227 1003 3288 Merkelius
1022 3251 1056 3288 ex
1075 3233 1236 3288 coniectura
1253 3233 1386 3302 posuerit,

239 3314 268 3361 et
281 3304 409 3359 datiuum
425 3321 563 3374 personae.
580 3314 644 3373 post
660 3307 771 3362 comites
787 3305 951 3375 plerumque
985 3304 1104 3361 raeferat
1118 3303 1245 3358 Ouidius.
1279 3304 1337 3358 Cic.
1351 3304 1387 3358 de

239 3375 333 3430 Amic.
346 3374 381 3429 xi.
396 3388 429 3442 37
447 3376 515 3428 Nau
533 3377 608 3428 enim
621 3376 726 3445 paruit
742 3375 792 3428 ille
813 3376 854 3429 Ti.
877 3376 966 3432 Grau
992 3375 1173 3443 'teuun'iati,
1191 3376 1242 3428 sed
1249 3376 1387 3445 praefuit,

239 3463 290 3500 uec
300 3462 328 3499 se
339 3447 463 3499 camitem
476 3446 684 3515 illiusfuraris,
693 3446 744 3499 sed
751 3446 847 3500 ducem
858 3445 997 3515 praebuit.
1032 3451 1101 3499 tum
1112 3449 1208 3511 necis,
1221 3451 1294 3499 ante
1305 3449 1389 3499 uiae.

241 3515 339 3584 Necis,
358 3533 423 3570 cum
447 3516 504 3570 leto
529 3516 612 3576 datus
637 3526 688 3584 est,
707 3515 778 3583 uiae,
798 3532 862 3569 cum
885 3515 968 3569 simul
989 3515 1182 3572 aduentabant
1204 3532 1238 3569 ex
1257 3515 1388 3570 Thracia.

242 3588 275 3642 Il.
288 3606 313 3640 x.
327 3601 380 3654 434
393 3585 500 3655 Θρήικες
518 3583 564 3640 οἶδ
577 3586 703 3640 ἀπάνευθε
721 3584 870 3653 νεήλυδες,
883 3586 992 3655 ἔσχατοι
1010 3586 1109 3651 όίλλων,
1120 3584 1164 3639 Ἐν
1176 3586 1206 3639 δέ
1218 3587 1286 3654 σφιν
1296 3584 1389 3654 Ῥῆσος

240 3656 375 3725 βασιλεύς,
384 3658 445 3711 πάις
453 3654 599 3713 Ἠετίωνος.
637 3655 766 3726 Plerique
778 3656 861 3711 codd.
870 3657 976 3711 habent
989 3657 1146 3724 antediem,
1157 3655 1226 3711 satis
1238 3656 1389 3710 commode

241 3727 280 3782 ad
298 3744 431 3783 sensum:
455 3744 523 3783 nam
541 3737 627 3784 noctu
645 3728 758 3786 Rhesus
776 3727 886 3781 occisus
905 3736 957 3793 est,
973 3737 1001 3783 et
1020 3726 1140 3783 reuersis
1158 3727 1274 3781 domum
1286 3727 1389 3796 Vlysse

241 3815 276 3851 ac
290 3797 431 3851 Diomede
442 3794 513 3852 Ἠὼς
524 3797 552 3850 ἐκ
564 3797 662 3865 λεχέων
674 3799 734 3867 παρ’
746 3797 843 3867 ἀγαυοῦ
858 3797 980 3851 Τιθωνοῖο
990 3795 1098 3867 Ὠρνυθ
1111 3798 1144 3851 Il.
1156 3796 1193 3851 xi.
1209 3813 1230 3851 1.
1269 3798 1334 3850 Hoc
1346 3814 1389 3851 re-

241 3877 321 3922 tento
334 3868 514 3923 scribendum
524 3867 575 3922 erit
586 3869 678 3938 Quam
688 3869 799 3923 comites
806 3868 901 3935 Rhesi,
909 3874 951 3935 tu,
961 3870 1034 3923 uea's
1042 3868 1196 3934 antediem,
1206 3884 1299 3937 neque
1311 3867 1389 3921 omni

242 3937 271 3995 ui
290 3947 367 3991 caret
379 3943 412 3991 tu
428 3939 574 4005 ἐμφατικῶς
592 3938 633 3992 sic
651 3939 818 4008 repetitum:
840 3954 1013 4009 quamquam
1032 3937 1167 3993 Ouidium
1185 3937 1225 3992 ita
1243 3937 1390 4007 scripsisse

242 4025 300 4063 non
320 4007 496 4062 crediderim.
571 4012 636 4063 631.
657 4025 743 4073 quos.
772 4011 843 4063 Aen.
858 4009 892 4064 ix.
907 4021 957 4078 315
977 4010 1076 4067 multis
1097 4015 1191 4062 tamen
1210 4014 1275 4062 aute
1286 4009 1394 4078 futuri

242 4078 352 4135 Exitio.
391 4077 463 4130 Niso
484 4087 541 4133 tres
562 4079 658 4133 famuli
680 4079 838 4148 Ramnetis,
860 4081 967 4134 Remus
989 4097 1053 4134 cum
1073 4079 1212 4147 armigero
1234 4088 1262 4132 et
1283 4077 1390 4147 auriga,

244 4151 383 4216 Lamyrus
405 4149 509 4202 Lamus
528 4150 683 4216 Serranus3
708 4151 832 4219 Euryalo
854 4151 950 4205 Fadus
971 4151 1117 4205 Herbesos
1137 4151 1265 4204 Rhoetus
1286 4147 1391 4204 Abaris

243 4228 414 4280 sternuntur.
474 4221 635 4275 Ramnete.
665 4222 735 4274 Aen.
756 4220 791 4275 ix.
811 4235 863 4289 324
879 4222 968 4275 simul
980 4238 1043 4275 eure
1059 4220 1208 4291 superbum
1226 4221 1392 4273 Ramnetem

243 4290 419 4361 aggreditur,
441 4292 493 4358 qui
505 4291 586 4359 farte
605 4292 743 4361 tapetibus
763 4293 832 4345 altis
851 4292 1025 4346 Exstructus
1043 4297 1101 4346 tato
1120 4290 1263 4360 prestabat
1280 4294 1392 4359 pectore

242 4378 380 4428 somnum,
396 4361 459 4413 Rex
473 4361 546 4414 idun
564 4367 592 4414 et
609 4364 672 4432 regi
690 4363 717 4414 T
714 4378 786 4415 urua
799 4363 985 4433 gratissimus
1002 4378 1105 4432 augur,
1119 4363 1179 4415 Sed
1193 4377 1250 4414 uon
1268 4362 1392 4429 augurio

238 4433 338 4503 patuit
348 4431 482 4501 depellere
489 4434 603 4500 pestem.
682 4436 750 4488 632.
770 4436 959 4498 Hyrtacides
973 4432 1068 4487 Nisus.
1105 4433 1176 4486 Aen.
1191 4431 1226 4486 ix.
1239 4431 1288 4498 176
1300 4432 1393 4484 Nisus

242 4507 306 4561 erat
318 4506 421 4574 partae
437 4507 536 4572 eustos,
548 4504 703 4560 aceru'mus
719 4505 816 4575 armis,
829 4503 1006 4574 Hyrtacides.
1044 4503 1120 4559 Hinc
1139 4504 1263 4568 inpiger
1282 4500 1393 4559 dicitur.
