3038 5010
222 369 277 423 120
454 329 458 336 ’
612 364 958 427 conusurxmvs

217 519 269 574 hoc
279 538 307 574 se
317 523 400 590 patre
411 522 516 575 censeri
526 520 606 575 iulet.
773 523 842 576 299.
861 522 981 574 Achaei
995 517 1091 586 Polyb.
1105 516 1161 571 viii.
1174 531 1207 570 22
1219 515 1325 587 Ἀχαιὸς
1337 513 1369 583 ἦν

222 591 393 661 Ανδρομιίχου
412 593 458 661 μέν
475 592 528 646 υίὸς
544 596 589 645 τοῦ
604 590 728 657 Λαοδίκης
744 591 871 660 ἀδελφοῦ,
884 593 928 656 τῆς
945 588 1069 643 Σελεύκου
1086 590 1213 657 γυναικός·
1242 589 1320 658 ἔγημε
1338 588 1368 641 δέ

218 662 344 728 Λαοδίκην
361 662 406 729 τὴν
425 662 583 731 Μιθριδάτου
604 666 649 715 τοῦ
671 662 803 724 βασιλέως
824 660 960 730 θυγατέρα,
979 659 1062 728 κύριος
1081 660 1108 711 δέ
1130 659 1242 728 ἐγεγόνει
1261 663 1306 724 τῆς
1325 659 1368 711 ἐπὶ

218 732 279 785 τάδε
297 735 343 784 τοῦ
361 732 460 799 Ταύρου
480 734 572 798 πάσης.
611 731 667 785 Hic
690 748 754 785 cum
775 732 803 785 in
823 731 959 785 Sardibus
978 729 1026 783 ubi
1046 746 1097 798 pro
1117 746 1183 797 rege
1204 730 1306 797 agebat
1329 729 1367 782 ab

219 802 360 856 Antiocho
382 805 497 871 Magno,
517 821 534 857 a
553 819 608 872 quo
628 802 793 869 desciuerat,
813 802 996 869 obsideretur,
1014 801 1112 854 fraude
1130 799 1238 852 Bolidis
1257 810 1366 869 captus,

219 872 354 926 mutilatis
379 873 521 941 membris
541 882 686 943 amputato
712 873 812 941 capite,
832 882 859 926 et
885 871 913 924 in
939 870 1010 924 asini
1034 870 1140 924 corium
1166 869 1269 938 insutu,
1291 869 1367 923 cruci

219 944 333 996 suffixus
347 953 389 996 est
404 957 429 996 Β.
439 956 465 997 c.
479 959 537 1009 214.
689 945 760 997 300.
779 946 924 997 aurifera.
939 941 1045 995 Pactoli
1059 940 1106 1010 qui
1121 940 1224 994 Sardes
1238 940 1367 1008 praefluit

221 1015 262 1067 M.
271 1013 305 1068 xi.
317 1015 358 1081 87,
371 1015 457 1082 Soph.
469 1015 538 1068 Phil.
552 1028 602 1081 392
617 1015 758 1066 Πακτωλὸν
771 1017 906 1082 εὕχμυσον.
937 1015 1088 1076 pependit
1100 1021 1130 1065 ut
1143 1027 1316 1074 suspensus
1329 1010 1367 1064 ad

220 1101 332 1137 crucem
350 1085 475 1138 refertur.
513 1085 610 1152 Polyb.
624 1083 681 1138 viii.
693 1099 726 1151 23
735 1082 830 1150 Ἔδοξε
847 1079 869 1135 δ’
886 1080 930 1136 οὖν
941 1088 1044 1150 πρῶτον
1055 1082 1102 1148 μέν
1114 1081 1303 1149 ἆκρωτηριάσαι
1323 1083 1369 1134 τὸν

218 1156 391 1223 ταλαίπωρον,
403 1155 466 1223 μετὰ
479 1155 506 1207 δέ
523 1159 602 1207 ταῦτα
619 1154 664 1221 τὴν
676 1154 791 1223 κεφαλὴν
806 1154 979 1218 ἀποτεμόντας
997 1153 1075 1205 αὐτοῦ
1094 1152 1134 1204 καὶ
1151 1150 1368 1219 καταῤῥάψαντας

219 1225 255 1279 εἷς
270 1224 351 1277 ὄνειον
368 1225 449 1278 ἀσκὸν
467 1225 665 1292 ἀνασταυρῶσαι
681 1227 710 1276 τὸ
729 1229 812 1290 σῶμα.
848 1226 995 1277 301-304.
1015 1223 1136 1290 Pyrrhos
1154 1223 1233 1289 du05‚
1247 1222 1367 1276 alterum

218 1312 315 1363 regem
333 1295 420 1364 Epiri,
439 1296 556 1349 alterum
576 1295 663 1348 filium
680 1295 806 1362 Achillis,
822 1304 851 1348 ut
871 1294 917 1347 hic
937 1293 1056 1348 Ouidius
1076 1292 1226 1359 coniunxit,
1242 1292 1283 1345 sic
1302 1302 1367 1360 post

219 1382 284 1419 eum
304 1366 459 1420 Pausanias
475 1368 496 1420 I.
513 1380 582 1434 139
601 1370 692 1432 Θαῦμει
709 1365 737 1417 δέ
754 1369 874 1432 ποιοῦμαι
893 1370 944 1418 τῶν
960 1363 1122 1429 καλουμένων
1140 1362 1265 1415 Αἰακιδῶν
1282 1364 1368 1417 αὐτοῖς

160 1438 163 1443 ’
219 1437 282 1488 κατὰ
295 1437 326 1488 τὰ
339 1437 402 1489 αὐτὰ
419 1436 447 1488 έκ
464 1440 509 1489 τοῦ
518 1436 577 1489 θεοῦ
590 1438 718 1505 συμβῆναι
729 1436 775 1503 τὴν
792 1435 920 1503 τελευτήν.
934 1431 987 1504 εἴγε
998 1432 1123 1504 Ἀχιλλέα
1135 1431 1304 1501 μέν”Ομηρος
1317 1434 1368 1485 ὑπὸ

218 1504 392 1573 Ἀλεξάνδρου
416 1508 485 1575 φησὶ
507 1511 551 1558 τοῦ
573 1508 691 1575 Πριάμου
714 1508 753 1558 καὶ
774 1504 941 1559 ’Λπόλλωνος
961 1505 1116 1557 ἀπολέσθαι·
1144 1501 1249 1572 Πιίῤῥον
1274 1503 1301 1556 δέ
1322 1504 1368 1557 τὸν

219 1573 361 1646 ’Λχιλλέως
374 1576 388 1643 ἡ
401 1577 486 1630 Πυθία
497 1577 658 1644 προσέταξεν
670 1576 814 1629 ἀποκτεῖναι
828 1578 951 1644 Δελφοῖς
964 1576 999 1646 τῷ
1013 1575 1041 1628 δέ
1054 1574 1174 1626 Αἰακίδου
1187 1574 1283 1635 συνέβη
1296 1575 1328 1627 τὰ
1341 1573 1368 1627 ές

218 1648 265 1712 τὴν
276 1647 397 1714 τελευτὴν
410 1645 451 1700 οἶα
463 1646 575 1717 ’Λργεῖοί
587 1669 614 1700 τε
627 1647 736 1716 λέγουσι
750 1649 790 1699 καὶ
803 1647 911 1700 Λευκέας
923 1646 1036 1712 έποίησε.
1102 1647 1168 1699 301.
1187 1646 1368 1698 Achilliden

221 1718 359 1785 Pyrrhum
373 1718 553 1787 Epirotarum
572 1734 668 1785 regem
687 1717 734 1786 qui
750 1717 901 1770 uicesimus
919 1715 1016 1770 tertius
1036 1716 1072 1769 ab
1091 1711 1204 1768 Achille·
1220 1714 1278 1781 fuit,
1295 1725 1367 1768 teste

219 1788 345 1841 Eusebio
355 1790 458 1842 Chron.
471 1790 492 1842 l.
504 1806 530 1858 p.
541 1803 593 1855 234
607 1789 727 1842 Schdne.
776 1792 916 1853 cognato
929 1791 1056 1840 nomine
1070 1785 1168 1854 Pyrrhi
1182 1784 1230 1838 filii
1240 1784 1367 1839 Achillis.

221 1860 290 1912 Her.
311 1860 335 1913 8.
358 1874 374 1925 3
399 1859 530 1926 Pyrrhus
553 1858 711 1912 Achillides
739 1861 883 1912 animosus
906 1859 1032 1928 imagine
1050 1859 1153 1926 putris.
1200 1856 1367 1909 Plutarchus

221 1930 318 1997 Pyrrh.
332 1945 341 1981 1
357 1930 546 1982 Molossorum
559 1945 677 1998 regnum
689 1930 725 1982 ab
736 1930 791 1982 hoc
800 1928 910 1998 repetit,
923 1933 1013 1998 Χρόνῳ
1023 1927 1050 1980 δὲ
1063 1925 1174 1995 ὕστερον
1186 1928 1369 1991 Νεοπτόλεμος

219 2001 234 2050 ὁ
252 1997 394 2068 ’Λχιλλέως
412 2001 475 2052 λαὸν
493 1999 595 2068 ἀγαγὼν
611 1999 686 2054 αὐτός
700 2022 728 2053 τε
746 2000 791 2066 τὴν
805 2002 892 2069 χώραν
911 2000 1021 2067 κάτεσχε
1039 1998 1080 2050 καὶ
1098 1996 1220 2065 διαδοχὴν
1235 1996 1369 2060 βασιλέων

219 2067 266 2136 ἀφ’
280 2070 357 2121 αὑτοῦ
370 2069 497 2135 κατέλιπε,
510 2068 641 2138 Πυῤῥίδας
652 2069 874 2138 ἐπικαλουμένους.
908 2070 1039 2137 Saluagn.
1054 2068 1089 2122 de
1102 2066 1216 2120 nomine
1229 2067 1369 2120 Aeacidae

220 2139 418 2208 interpretatus
434 2149 486 2205 est,
499 2157 554 2208 quo
567 2149 595 2193 et
608 2150 688 2208 pater
702 2140 799 2209 Pyrrhi
813 2158 880 2193 usus
895 2149 923 2193 et
941 2139 1001 2208 ipse
1016 2139 1137 2206 Pyrrhus
1154 2154 1368 2206 nonnumquam

220 2219 250 2263 ut
269 2210 297 2262 in
317 2211 430 2263 oraculo
449 2210 496 2263 illo
512 2211 571 2262 Aio
589 2216 615 2263 te
633 2211 759 2264 Aeacida
777 2211 959 2265 celebratus*
978 2209 1069 2264 fuerit.
1116 2207 1173 2262 Sed
1189 2210 1369 2262 Achilliden

221 2280 320 2333 melius
334 2298 367 2333 ex
381 2280 463 2334 solito
473 2281 584 2349 Pyrrhi
594 2281 762 2348 cognomine
775 2299 860 2350 quam
874 2298 908 2334 ex
917 2279 1051 2333 inusitato
1061 2279 1202 2332 Aeacidae
1211 2278 1367 2347 explicatis.

222 2350 277 2418 Qui
291 2357 422 2415 cognato
434 2355 561 2423 npmine
574 2350 610 2404 ad
623 2351 755 2404 Achillen
768 2352 890 2405 referunt
905 2351 949 2418 (cl.
965 2351 1036 2404 Plut.
1046 2350 1143 2418 Pyrrh.
1155 2349 1187 2417 1),
1201 2347 1285 2402 nimis
1298 2348 1368 2402 mihi

220 2419 352 2473 uidentur
369 2423 555 2490 ταυτολογεῖν;
580 2438 633 2474 nec
652 2439 719 2474 uero
740 2423 861 2490 Pyrrhus
882 2421 1013 2490 Epirotes
1032 2419 1149 2473 Achillis
1168 2423 1295 2474 nomine
1313 2420 1367 2473 h.e.

221 2491 298 2560 quod
317 2491 433 2560 stirpem
452 2492 488 2544 ab
507 2491 617 2544 Achille
636 2491 750 2546 duceret
772 2496 876 2546 clarus
894 2501 962 2559 erat,
982 2490 1032 2545 sed
1054 2500 1164 2544 tantum
1186 2489 1368 2558 gloriabatur.

220 2563 290 2616 302.
304 2564 470 2626 Opprimat
478 2561 505 2614 ui
516 2561 608 2615 subita
618 2562 737 2616 occidat.
764 2565 804 2616 M.
815 2562 860 2617 xii.
871 2563 904 2615 28
907 2577 922 2630 3
934 2579 1019 2615 saxea
1026 2562 1110 2615 moles
1120 2561 1266 2631 Oppressit
1277 2562 1369 2629 spatio

219 2637 339 2685 stantem
348 2634 483 2701 propiore
497 2633 631 2687 Cometen.
662 2637 779 2698 regula
793 2635 874 2686 Paus.
888 2632 906 2686 i.
919 2645 982 2700 137
996 2629 1120 2684 Ἐνταῦθα
1134 2631 1227 2700 (Argis
1241 2630 1269 2683 in
1283 2647 1369 2700 quam

220 2703 320 2755 urbem
334 2720 398 2755 curn
408 2702 532 2755 obsessis
546 2703 678 2772 inruerat)
688 2706 702 2755 ὁ
713 2702 816 2771 Hippos
827 2702 942 2770 ἐμονώθη
954 2703 994 2755 καὶ
1007 2703 1173 2771 τιτρώσκεται
1186 2702 1231 2761 τὴν
1243 2700 1368 2769 κεφαλήν.

221 2774 339 2844 κεράμῳ
349 2772 380 2824 δέ
390 2771 545 2839 βληθέντα
554 2773 603 2826 ὑπὸ
611 2774 727 2843 γυναικὸς
736 2774 852 2827 τεθνάναι
861 2775 929 2842 φασι
938 2771 1050 2842 Hippou.
1068 2771 1179 2841 ’Λργεῖοι
1189 2771 1217 2824 δέ
1225 2770 1254 2823 οὗ
1263 2773 1369 2841 γυναῖκα

219 2843 266 2908 τὴν
290 2843 485 2909 ἀποκτείνασαν,
511 2841 631 2912 Δήμητρα
657 2844 686 2896 δέ
710 2846 793 2912 φασιν
817 2841 880 2896 εἶναι
904 2844 1002 2912 γυναικὶ
1026 2841 1182 2911 εἰκασμένην.
1210 2842 1368 2910 (Constant.

221 2912 357 2982 Fanens.)
464 2917 534 2967 303.
547 2917 663 2979 Pyrrhi
677 2913 865 2983 Neoptolemi,
879 2913 927 2967 filii
937 2913 1063 2967 Achillis.
1170 2915 1240 2968 304.
1254 2915 1370 2976 sparsa

223 2985 299 3052 Hyg.
316 2998 364 3050 123
378 2982 424 3053 qui
438 2985 531 3037 locum
543 2986 619 3038 hunc
631 2985 760 3054 respexit,
774 2995 803 3039 ut
817 2985 912 3038 docuit
927 2983 1080 3038 Mauricius
1094 2982 1266 3037 Schmidtius
1278 2984 1368 3037 Praei.

220 3071 247 3123 p.
258 3053 329 3108 xxxi.
338 3055 537 3124 Neoptolemus
547 3055 672 3109 Achillis
683 3061 711 3108 et
717 3055 883 3109 Der'domiae
887 3056 972 3124 filius
984 3072 1020 3107 ex
1030 3055 1057 3107 A
1060 3053 1231 3107 ndromacha
1240 3053 1371 3106 Eetionis

211 3126 282 3194 filia
299 3127 414 3194 captiua
427 3128 592 3194 procreauit
609 3126 805 3195 Amphialum.
843 3126 893 3179 sed
899 3130 1050 3194 postquam
1069 3125 1184 3178 audiuit
1195 3125 1369 3177 Hermionen

219 3199 351 3264 sponsam
362 3212 444 3248 suom
460 3196 554 3248 Oresti
562 3213 618 3249 esse
629 3197 726 3250 datam
743 3197 774 3248 in
791 3198 961 3266 coniugium,
975 3197 1205 3249 Lacedaemonem
1221 3196 1300 3248 uenit
1313 3199 1341 3247 et
1351 3213 1370 3246 a

220 3267 352 3318 Menelao
376 3270 506 3335 sponsam
530 3283 611 3318 suam
630 3268 712 3336 petit.
759 3268 807 3319 cui
829 3268 879 3320 ille
894 3267 983 3336 fidem
1007 3283 1088 3318 suam
1107 3267 1254 3334 infirmare
1277 3265 1372 3318 noluit

220 3337 448 3404 Hermioneuque
460 3336 494 3388 ab
509 3337 604 3390 Oreste
615 3337 734 3390 abduxit
744 3343 771 3390 et
782 3338 962 3407 Neoptolemo
974 3337 1056 3390 dedit.
1085 3336 1192 3389 Orestes
1204 3337 1314 3389 iniuria
1326 3352 1370 3388 ac-

221 3411 300 3475 cepta
315 3407 527 3474 Neoptolemum
544 3407 664 3477 Delphis
679 3409 880 3478 sacrificantem
899 3408 998 3461 occidit
1014 3412 1042 3460 et
1052 3407 1226 3459 Hermionen
1243 3409 1369 3474 recuper-

222 3479 305 3531 auit:
329 3478 410 3530 cuius
431 3494 504 3530 ossa
522 3481 587 3548 per
606 3480 694 3548 sines
717 3478 914 3531 Ambraciae
937 3482 1056 3547 sparsa
1080 3483 1155 3544 sunt,
1180 3493 1252 3545 quae
1274 3481 1316 3528 est
1338 3477 1370 3528 in

220 3548 313 3670 Epiri
331 3547 498 3617 regionibus.
636 3551 705 3602 305.
723 3552 868 3613 Nataque
889 3554 926 3601 ut
946 3550 1108 3601 Aeacidae.
1154 3546 1264 3599 Primus
1288 3547 1369 3600 Laur.

221 3619 248 3670 A
269 3617 386 3671 stemius
400 3619 502 3671 Annot.
517 3620 582 3671 Var.
596 3617 625 3671 iii
640 3618 837 3687 interpretatus
853 3628 896 3673 est
914 3618 949 3672 de
964 3617 1116 3672 Deidamia
1131 3616 1191 3670 siue
1206 3615 1369 3684 Laodamia,

221 3704 307 3756 quam
320 3687 344 3740 is
358 3705 392 3740 ex
407 3687 503 3741 lustin.
513 3688 603 3742 xxviii.
619 3699 667 3742 1et
677 3704 692 3757 3
703 3689 789 3742 filiam
799 3689 951 3743 Alexandri
965 3689 1038 3756 regis
1055 3687 1243 3768 Epirotarum,
1255 3696 1369 3755 neptem

223 3757 322 3825 Pyrrhi
338 3757 436 3825 Magni
455 3757 561 3825 habuit,
575 3758 700 3828 plerique
719 3761 821 3813 collato
840 3761 902 3812 loco
918 3759 1016 3812 lustini
1029 3758 1121 3812 xxviii.
1136 3773 1151 3825 3
1164 3775 1227 3812 cum
1240 3775 1276 3810 err
1286 3763 1371 3827 gente

220 3829 302 3896 regia
320 3828 380 3879 sola
398 3828 499 3880 Nereis
518 3830 601 3898 uirgo
618 3847 682 3882 cum
700 3831 858 3884 Laodamia
876 3847 970 3883 sorore
992 3833 1152 3898 superesset,
1171 3829 1272 3881 Nereis
1290 3828 1373 3881 nubit

223 3897 326 3950 Geloni
336 3898 453 3950 Siciliae
468 3900 586 3966 tyranni
594 3900 669 3967 filio,
682 3901 840 3954 Laodamia
858 3906 951 3953 autem
966 3917 1029 3954 cum
1046 3901 1077 3952 in
1090 3916 1171 3952 aram
1184 3899 1297 3952 Dianae
1308 3915 1371 3952 con·

212 3968 341 4045 fugisset
358 3984 494 4020 concursu
507 3971 613 4038 populi
628 3971 800 4050 interficitur
816 3988 880 4024 curn
901 3971 996 4038 Polyb.
1011 3969 1057 4023 vii.
1070 3985 1094 4035 4.
1111 3983 1133 4037 5,
1153 3972 1234 4023 Paus.
1249 3969 1283 4022 vi.
1301 3984 1340 4022 12.
1354 3984 1370 4036 3

222 4037 308 4090 filiam
321 4036 409 4105 ipsius
425 4038 521 4106 Pyrrhi
537 4039 635 4108 Magni
649 4041 761 4094 faciunt.
793 4044 948 4095 Aeacidae
961 4050 1054 4110 potest
1068 4040 1096 4093 id
1110 4039 1225 4109 quidem
1238 4040 1274 4092 de
1287 4040 1370 4092 Alex-

222 4107 311 4160 andro
321 4106 437 4176 intelligi
448 4118 593 4179 tamquam
604 4127 638 4164 ex
647 4111 836 4165 Aeacidarum
846 4111 932 4180 stirpe
942 4121 1003 4165 orto
1015 4111 1098 4179 (Plut.
1110 4111 1206 4178 Pyrrh.
1220 4112 1242 4164 1.
1254 4111 1337 4163 Paus.
1348 4111 1370 4164 I.

224 4192 263 4245 13.
279 4192 294 4244 3
308 4188 335 4231 et
349 4177 375 4245 9)
391 4189 484 4248 potest
497 4190 524 4234 et
544 4181 579 4234 de
593 4183 700 4250 Pyrrho
718 4181 844 4236 minore:
864 4182 964 4236 melius
980 4191 1076 4236 tamen
1090 4182 1125 4235 de
1140 4182 1247 4250 Pyrrho
1262 4182 1371 4247 Magno

254 4283 269 4315 '¹‘
287 4281 322 4328 Sic
334 4281 357 4326 in
370 4284 439 4346 epigr.
452 4299 488 4342 ap.
501 4286 568 4335 Paus.
581 4287 599 4335 Ι.
614 4299 651 4346 13.
665 4299 679 4346 3
698 4285 823 4347 Λίχμηταί
839 4284 880 4333 καὶ
898 4286 941 4333 νῦν
958 4283 1000 4332 καὶ
1015 4283 1088 4347 πάρος
1103 4281 1213 4330 Αἰακίδαι
1230 4284 1258 4330 de
1273 4285 1371 4330 uictoria

222 4360 290 4406 quarn
308 4347 406 4408 Pyrrhus
420 4350 448 4394 de
463 4350 535 4396 Gallis
549 4360 720 4412 reportauerat:
743 4354 781 4398 sed
795 4353 818 4398 in
836 4353 888 4398 loco
904 4352 1028 4398 Pausaniae
1046 4351 1061 4399 i.
1075 4363 1113 4412 13.
1125 4365 1140 4413 9
1155 4365 1225 4410 quem
1236 4350 1371 4461 Saluagnius

220 4412 303 4523 {ilmina
315 4413 413 4474 Pyrrhus
426 4429 471 4460 non
487 4417 603 4475 Aeacides,
614 4419 653 4463 sed
665 4416 677 4463 ὁ
690 4414 807 4465 Αἰακίδου
818 4418 906 4476 dicitur,
916 4419 959 4467 etsi
974 4417 1059 4464 ibidem
1072 4418 1131 4463 inter
1142 4413 1197 4462 τοὺς
1207 4421 1304 4472 καλουμ
1318 4431 1372 4461 rous

251 4493 289 4524 ακι
304 4495 331 4526 as
343 4489 479 4528 numeratur.
