3038 5010
621 369 970 455 conunucumvs
1273 398 1329 454 141

183 549 274 604 Tzetz.
289 547 361 604 Chil.
373 567 400 604 v.
413 548 473 617 726,
488 550 655 619 Harpocrat.
669 567 691 605 s.
700 566 726 604 u.
740 551 893 620 Φαρμακόςε
912 544 1144 620 ἰάαιλεὶαείιαιυια
1156 548 1242 605 fuisse
1255 549 1332 619 apud

186 620 271 674 Ionas
284 619 371 690 liquet
384 637 418 674 ex
432 619 621 689 Hipponactis
633 620 731 688 fragm.
741 635 801 689 4-9‚
815 620 933 675 fortasse
946 620 1032 674 etiam
1045 622 1087 689 85,
1101 621 1172 675 sicut
1186 621 1221 675 de
1235 623 1332 675 Mace·

185 690 306 744 donibus
327 691 403 744 idem
425 690 564 758 significat
584 692 661 744 Curt.
678 690 734 745 viii.
754 704 778 758 7.
798 693 840 745 28.
874 691 1015 761 Equidem
1034 691 1161 760 suspicor
1179 690 1265 745 fuisse
1284 689 1331 761 qui

185 759 311 816 dicerent
341 761 536 815 Democritum
560 760 773 830 Abderitanum‚
798 761 907 816 ciuibus
932 761 990 815 suis
1014 771 1094 831 peste
1119 761 1333 831 correptishoc

184 832 272 884 modo
284 830 451 901 opitulatum
463 831 528 885 isse.
566 832 641 885 Nam
660 830 826 901 Apollonius
845 834 978 900 Tyaneus
996 849 1061 886 curn
1074 831 1215 901 Ephesios
1233 832 1333 886 morbo
1420 871 1423 876 -

186 901 234 955 diu
253 903 414 956 laborantes
432 901 472 956 sic
492 911 620 956 sanasset
639 912 670 956 ut
689 918 786 956 senem
805 918 926 971 egenum
944 902 973 956 in
994 904 1105 958 theatro
1124 912 1270 972 tamquam
1289 901 1333 955 dis

187 970 309 1026 inuisum
333 973 441 1027 iuberet
465 970 629 1040 interficere,
653 971 700 1025 hic
729 981 824 1026 autem
853 973 905 1026 sub
934 983 1030 1027 monte
1055 973 1179 1043 quodam
1207 973 1334 1042 lapidum

186 1043 302 1096 obrutus
316 1042 344 1096 in
357 1042 436 1097 canis
450 1041 569 1096 Molossi
582 1051 722 1096 mortuam
739 1042 863 1111 speciem
879 1043 994 1112 abisset,
1006 1054 1155 1098 accusatus
1167 1042 1334 1113 Apollonius

186 1113 263 1182 apud
283 1113 483 1168 Philostratum
501 1114 573 1166 haec
591 1112 659 1167 dicit
678 1113 759 1182 §339
775 1112 819 1168 ed.
839 1115 949 1182 Kayser
966 1113 1010 1168 Τίς
1028 1113 1052 1166 δ’
1069 1113 1101 1168 ἃν
1118 1115 1204 1183 σοφὸς
1222 1114 1336 1167 ἐκλιπεῖν

187 1205 232 1235 σοι
251 1183 320 1237 δοκεῖ
337 1185 382 1237 τὸν
400 1184 464 1252 ὑπὲρ
481 1184 581 1238 πόλεως
599 1182 716 1251 τοιαίιτης
736 1185 830 1251 ἀγῶνα,
850 1183 997 1252 ἐνθυμηθεὶς
1017 1184 1064 1253 μέν
1081 1187 1240 1253 Δημόκριτον
1262 1184 1335 1236 ε’λευ-

187 1254 336 1340 θεράσαντα
356 1257 449 1322 λοιμοῦ
469 1275 533 1308 ποτε
552 1251 715 1323 Ἀβδηρίτας,
736 1253 858 1322 ε’ννοησας
879 1253 907 1307 δὲ
929 1254 1064 1324 Σοφοκλέα
1082 1256 1127 1309 τὸν
1145 1255 1289 1322 Ἀθηναῖον,
1307 1252 1336 1308 ὃς

187 1323 292 1393 λεγεται
309 1325 350 1378 καὶ
367 1323 475 1392 ἀνέμους
492 1323 583 1390 θέλξαι
600 1325 646 1390 τῆς
663 1325 730 1393 ὧρας
748 1322 977 1394 ῦπερπνεάσαντας,
995 1325 1108 1392 ἀκηκοὼς
1125 1325 1152 1378 δὲ
1165 1326 1196 1377 τὰ
1208 1323 1335 1392 Ἐμπεδο-

188 1392 285 1463 κλέους,
304 1392 333 1450 ός
350 1393 461 1463 νεφέλης
477 1394 572 1463 άνεσχε
590 1395 677 1460 φορὰν
694 1392 734 1448 ἐπ’
752 1394 963 1465 Ἀκραγαντίνους
978 1393 1114 1465 ῥαγείσης;
1141 1394 1189 1449 ubi
1208 1412 1280 1465 quae
1300 1393 1336 1448 de

189 1465 355 1519 Democrito
374 1465 515 1534 Sophocle
534 1465 709 1534 Empedocle
727 1466 857 1533 leguntur
875 1464 942 1519 alibi
959 1483 1017 1519 non
1036 1465 1250 1520 commemorari
1270 1481 1336 1520 con-

188 1535 281 1590 firmat
303 1537 454 1603 Kayserus.
569 1538 641 1590 468.
660 1539 812 1601 grandine
829 1539 930 1600 plura.
974 1537 1056 1591 Pont.
1069 1535 1103 1590 iv.
1118 1549 1141 1603 7.
1156 1551 1190 1603 34
1202 1537 1337 1605 Saxaque

189 1606 315 1659 brumali
325 1607 470 1676 grandine
483 1605 574 1675 plura
591 1606 674 1660 subis.
713 1608 779 1659 Nux
801 1621 848 1674 132
868 1607 949 1660 Saxa
967 1623 1053 1660 nouas
1061 1608 1181 1677 fractus
1193 1608 1338 1677 grandine

184 1677 276 1746 plara
283 1681 394 1747 petunt.
415 1678 454 1730 M.
464 1695 489 1730 v.
502 1677 549 1745 158
563 1677 618 1729 tela
630 1676 731 1730 ualant
741 1676 858 1730 hiberna
865 1678 1113 1801 ίηνανιιίἱνιιίρίιινα.
1167 1679 1337 1733 4'10.eatus

189 1750 360 1811 Hipponoo
380 1748 528 1816 Capaneus
547 1747 699 1816 Hippanai
707 1748 793 1818 filius
812 1748 886 1816 Hyg.
907 1760 950 1814 70.
992 1747 1000 1801 i
1024 1748 1079 1801 ,68
1099 1748 1246 1818 Capaneus
1264 1748 1342 1816 qaod

189 1823 287 1872 cantra
294 1819 374 1871 Jaaz's
381 1818 555 1871 uoluntatem
567 1817 672 1871 Thebas
678 1835 706 1871 sa
713 1822 863 1887 capturum
872 1819 975 1872 dz'ceret
980 1835 1043 1872 cum
1052 1836 1167 1872 murum
1175 1818 1339 1885 ascenderet,

180 1889 309 1956 fulmine
326 1893 367 1942 est
380 1893 537 1958 percussus.
576 1889 653 1957 Sept.
673 1897 771 1942 contra
788 1889 876 1942 Theb.
891 1903 951 1956 444,
964 1888 1060 1958 Antig.
1077 1901 1133 1958 135,
1148 1889 1252 1942 Phoen.
1271 1888 1338 1941 1180

183 1958 257 2025 Ἤδη
270 1958 293 2011 δ’
306 1958 492 2025 ὑπερβαίνοντα
503 1960 580 2027 γεῖσα
592 1956 697 2027 τειχέων
709 1959 804 2011 Βάλλει
818 1961 928 2029 κεραυνῷ
941 1957 1002 2013 Ζεῦς
1014 1981 1060 2013 νιν.
1121 1962 1339 2023 Dexionesque

189 2036 281 2095 pater
298 2028 493 2098 Aesculapius.
530 2031 625 2098 Etym.
642 2031 683 2084 M.
700 2044 761 2097 434.
778 2041 807 2098 15
823 2026 931 2084 Ἠπιος·
949 2027 1029 2084 οὕτως
1046 2031 1171 2097 πρότερον
1188 2030 1305 2082 ε’καλεὶτο
1324 2031 1338 2081 ὁ

191 2101 359 2167 ’Δακληπιός
395 2095 416 2169 ᾦ
441 2100 481 2153 καὶ
509 2101 614 2169 γυναῖκα
642 2099 818 2169 παραδίδωσιν
844 2098 1075 2169 (Ρπαραδιὸάασιν)
1098 2100 1231 2166 Ἠπιόνην,
1256 2100 1286 2186 ἐξ
1310 2097 1340 2167 ἧς

187 2171 260 2240 ἀὐτῷ
280 2167 400 2240 γενέσθω
419 2166 532 2235 Ἰάσονα,
554 2169 705 2237 Πανάκειαν,
724 2172 868 2236 Δεκτιόνην·
895 2169 969 2238 (libri
989 2171 1099 2224 Δεκτίων
1119 2169 1161 2239 ε’ν)
1180 2170 1339 2237 ῦπομνηματι

193 2242 366 2310 Λυκόφρονος.
403 2242 481 2294 Nam
500 2239 660 2294 Dectionen
681 2239 742 2295 siue
762 2239 910 2295 Dexionen
932 2258 1036 2296 nomen
1058 2241 1157 2296 tertiae
1178 2240 1339 2310 Aesculapii

192 2311 266 2366 filiae
287 2328 350 2366 esse
374 2320 450 2365 recte
475 2310 609 2365 intellexit
633 2309 736 2365 Kinkel
759 2312 881 2380 Lycoph
904 2328 932 2380 p.
953 2311 999 2366 iv:
1027 2311 1071 2366 cui
1096 2311 1135 2366 rei
1161 2311 1247 2365 etiam
1272 2311 1341 2364 illud

193 2380 338 2450 suffragari
361 2380 454 2435 iudico
473 2382 550 2462 quod
572 2382 736 2450 Sophocles,
758 2390 830 2436 teste
851 2380 953 2436 eodem
972 2384 1143 2452 Etymologo
1158 2382 1218 2451 256.
1231 2382 1256 2448 6,
1276 2399 1340 2435 cum

193 2451 393 2520 Aesculapium
411 2451 534 2521 hospitio
553 2451 718 2520 excepisset,
737 2462 801 2521 post
820 2462 940 2506 mortem
959 2451 1032 2524 ἡρῴῳ
1051 2454 1103 2507 sub
1117 2453 1231 2506 nomine
1244 2452 1341 2506 Dexi·

194 2523 266 2576 onis
291 2522 443 2591 colebatur,
468 2521 548 2592 quasi
573 2522 645 2576 filius
670 2539 704 2576 ac
730 2521 873 2577 Dexiones
897 2524 991 2583 frater.
1029 2523 1133 2577 Merito
1157 2531 1252 2578 autem
1276 2540 1341 2576 cum

196 2595 329 2662 Capaneo
343 2592 520 2661 coniungitur
531 2592 724 2662 Aesculapius,
738 2610 805 2646 nam
818 2593 1018 2674 Aesculapium
1037 2593 1195 2648 fulminauit
1216 2593 1343 2663 Iuppiter

194 2664 271 2734 quod
289 2663 318 2717 in
336 2663 425 2717 uitam
445 2664 609 2732 Capaneum
628 2673 656 2717 et
676 2665 834 2732 Lycurgum
852 2664 1017 2733 reduxisset,
1033 2664 1072 2719 uti
1088 2664 1241 2719 tradiderat
1256 2663 1342 2718 Stesi-

195 2735 296 2788 chorus
315 2751 359 2802 ap.
379 2733 510 2802 Apollod.
523 2733 560 2788 iii.
578 2749 618 2788 10.
631 2747 655 2802 3,
675 2733 832 2787 Philodem.
851 2736 910 2802 περὶ
929 2735 1070 2794 Εὐσεβείας
1088 2751 1115 2805 p.
1131 2746 1172 2803 52,
1192 2736 1343 2804 Compertz

197 2803 303 2873 (Bergk
321 2804 358 2858 ad
378 2803 498 2858 Stesich.
510 2803 542 2858 fr.
560 2802 612 2890 16).
652 2803 769 2858 Hesiod.
787 2804 818 2858 fr.
836 2819 881 2857 101
898 2805 1099 2859 Markscheffel
1110 2804 1194 2874 πατὴρ
1210 2801 1344 2870 δ’ἀνδρῶν

194 2897 223 2930 τε
240 2875 305 2928 θεῶν
316 2896 344 2928 τε
356 2870 460 2927 Χώσατ’
471 2871 513 2926 ἀπ’
527 2874 667 2941 Οῦλυμπου
683 2874 711 2926 δέ
728 2876 818 2937 βαλὼν
829 2876 955 2944 ψολόεντι
970 2875 1081 2947 κεραυνῷ
1086 2872 1197 2928 Ἐκτανε
1210 2874 1344 2942 Λητοίδην.

197 2945 237 3014 (2)
255 2946 422 3014 Anonymus
440 2942 469 2998 in
481 2943 692 2999 Westennanni
706 2944 923 3014 Mythographis
942 2962 969 3015 p.
983 2959 1035 3013 374
1047 2947 1118 3000 haec
1137 2946 1223 3000 habet
1242 2946 1344 3015 Φόρβας

197 3017 354 3078 θέσπρωτος
366 3016 499 3084 Δημητρὸς
511 3015 630 3082 ἐρασθεὶς
642 3017 682 3069 καὶ
695 3016 844 3082 βιαζόμενος
855 3015 901 3083 την
912 3015 971 3069 θεὸν
983 3016 1039 3069 ὑπὸ
1054 3017 1127 3070 Διὸς
1144 3015 1344 3084 ἐκεραυνώθη.

195 3089 234 3141 At
246 3085 389 3139 Achelous
405 3095 523 3140 uocatus
538 3094 583 3140 est
598 3085 622 3140 is
641 3085 733 3140 amnis
746 3085 792 3156 qui
806 3096 872 3140 ante
886 3086 1013 3140 Phorbas
1026 3085 1077 3140 fuit
1091 3085 1260 3155 (Cephalion
1272 3085 1305 3140 fr.
1318 3086 1344 3154 8,
1433 3113 1435 3118 ·

198 3157 319 3211 Mueller
337 3156 410 3210 Hist.
432 3157 532 3211 Graec.
552 3158 664 3227 Fragm.
683 3155 721 3210 iii.
739 3154 868 3226 p631);
889 3165 917 3211 et
937 3157 1063 3213 Phorbas
1085 3173 1189 3210 nomen
1211 3157 1344 3210 Aetolum

199 3226 340 3296 (Apollod.
354 3225 370 3280 i.
385 3238 411 3293 7.
424 3239 448 3295 7,
468 3227 566 3296 Steph.
584 3229 615 3280 B.
636 3243 697 3280 su.
717 3227 879 3296 Δεξαμεναί).
918 3228 981 3281 Iam
997 3226 1115 3281 Acheloi
1134 3226 1206 3280 filiae
1221 3226 1343 3295 Sirenes,

198 3314 316 3367 quarum
324 3313 381 3350 una
390 3296 574 3367 Thelxiopeia
584 3297 727 3366 (Eustath.
741 3310 815 3366 1709,
824 3299 914 3351 Tzetz.
923 3298 960 3352 ad
971 3299 1036 3366 Lyc.
1046 3297 1107 3366 712)
1118 3297 1179 3350 siue
1189 3296 1345 3365 Thelxiope

198 3368 285 3437 (Hyg.
303 3382 325 3436 1,
345 3367 440 3422 Schol.
458 3369 513 3437 Ap.
533 3369 568 3420 R.
581 3367 615 3421 iv.
630 3367 692 3437 892)
712 3367 772 3422 siue
791 3366 913 3437 denique
934 3367 1090 3422 Thelxinoe
1109 3367 1216 3438 (Schol.
1234 3370 1289 3437 Ap.
1309 3369 1344 3420 R.

197 3439 250 3492 l.c.
269 3441 411 3506 Anonym.
431 3436 467 3492 de
485 3437 574 3491 Vlixis
594 3454 678 3492 error.
698 3450 713 3505 7
736 3436 765 3491 in
783 3438 934 3492 Westenn.
958 3439 1087 3507 Mythog.
1108 3455 1136 3507 p.
1156 3450 1207 3506 337
1226 3439 1346 3508 Σειρῆνας

197 3508 360 3574 ὑποληπτέον
378 3510 425 3562 τὰς
442 3508 602 3575 θελξίνους
619 3509 660 3589 καὶ
678 3507 811 3575 ἀπατηλὸς
828 3505 931 3575 ἡδονάς)
951 3508 1028 3589 quod
1045 3524 1150 3562 nomen
1171 3507 1200 3561 in
1216 3509 1346 3589 flexione

198 3578 385 3703 lllldtle
401 3579 549 3718 iulet?
568 3589 692 3719 lile,
717 3580 952 3719 litterile
976 3572 1106 3703 {tell
1116 3579 1347 3719 ninidst'slissii'}

198 3728 281 3774 natas
304 3736 367 3773 esse
389 3718 496 3789 (Schol.
518 3719 574 3773 Od.
593 3719 639 3772 xii.
659 3734 701 3788 39,
727 3720 858 3773 Eustath.
880 3732 954 3789 1709,
979 3720 1110 3789 Apollod.
1131 3719 1149 3772 i.
1167 3732 1193 3787 7.
1216 3719 1267 3788 10),
1293 3741 1347 3773 σει-

199 3791 276 3860 ρῆνας
293 3799 388 3844 autem
407 3789 589 3843 Eustathium
608 3800 720 3844 secutus
741 3799 854 3844 reuocet
873 3791 911 3845 ad
929 3791 1029 3859 σειριᾷν
1045 3789 1201 3860 ἀστράπτειν
1218 3791 1348 3853 λάμπειν.Ρ

202 3859 281 3914 Prior
296 3868 400 3914 tamen
425 3859 574 3929 explicatio
598 3860 783 3929 praeferenda
809 3870 859 3915 est.
982 3863 1047 3916 471.
1073 3876 1173 3930 soror.
1187 3863 1348 3931 Autonoes

201 3930 313 3985 Semele
327 3931 403 3999 Hyg.
420 3944 475 3999 179.
551 3935 604 3984 oui
615 3937 784 3985 matertera
796 3934 883 3984 Mela
897 3929 992 3985 Iasion
1005 3930 1078 3985 filius
1091 3932 1230 4000 Electrae,
1243 3931 1347 3985 sororis

202 3999 306 4055 Maiae.
345 4000 481 4070 (Alciatus
501 4002 614 4070 Parerg.
633 4001 671 4055 vi.
690 4000 745 4071 21.)
782 4001 914 4071 Apollod.
935 4001 972 4056 iii.
995 4017 1034 4056 12.
1056 4016 1067 4055 1
1089 3999 1234 4095 Ἠλέκτρας
1254 4002 1283 4055 δὲ
1302 4003 1347 4069 τῆς

193 4067 340 4125 Ἀτλαντος
358 4071 399 4125 καὶ
418 4073 478 4126 Διὸς
496 4072 598 4126 Ἰασίων
618 4074 659 4125 καὶ
678 4071 810 4142 Δάρδανος
827 4071 952 4143 ε’γένοντο.
987 4068 1090 4125 Ἰασίων
1102 4072 1148 4141 μέν
1164 4094 1217 4139 ουν,
1230 4072 1350 4140 ἐρασθεὶς

202 4142 343 4226 Δημητρὸς,
364 4143 405 4194 καὶ
430 4141 513 4195 θέλων
532 4147 700 4213 καταισχῦναι
722 4141 768 4232 την
787 4142 854 4210 θεόν,
874 4145 1045 4211 κεραυνοῦται.
1083 4143 1139 4196 Od.
1157 4162 1184 4197 v.
1206 4154 1253 4211 125
1273 4143 1307 4197 ὣς
1325 4139 1348 4195 θ’

200 4209 274 4265 ὁπότ’
300 4211 403 4265 Ιασίωνι
420 4212 581 4281 εὐπλόκαμος
598 4213 728 4283 Δημήτηρ,
754 4219 785 4265 Ωι
805 4213 876 4285 θυμῷ
894 4210 994 4282 εἴξασα,
1012 4213 1073 4281 μίγη
1091 4215 1212 4282 φιλότητι
1232 4214 1272 4266 καὶ
1290 4212 1348 4279 εὐνῇ

203 4281 271 4352 Νειῷ
287 4282 324 4364 ἔνι
340 4284 464 4364 τριπόλῳ·
481 4283 540 4365 οῦδὲ
559 4281 665 4376 bigiti
683 4283 798 4372 άπηστος
816 4283 885 4371 Ζεὺς,
898 4282 926 4338 ἀς
943 4304 987 4351 μιν
999 4283 1141 4372 κατέπεφνε
1156 4284 1246 4365 βαλάιν
1257 4282 1349 4372 ἀργῆτι

201 4351 1097 4504 ιῑιιῑιιηλλιῐιλ.ἐλαῖαι.ηνλιίιόαιλ
1110 4354 1349 4492 {illatura

203 4502 232 4551 et
243 4492 524 4566 Lobechinglaoph.
535 4509 611 4554 1222.
639 4497 737 4554 Potest
749 4493 835 4552 etiam
848 4494 883 4553 de
895 4495 1042 4552 Oenomao
1055 4493 1195 4565 explicari,
1207 4491 1307 4548 Martis
1321 4500 1349 4548 et
