3038 5010
663 409 709 468 IN
731 410 828 469 IBIN.
1282 414 1321 469 69

172 567 282 643 templo
298 567 458 625 Mineruae.
486 565 551 625 Cod.
565 565 722 638 Bern.711
763 565 928 626 daemones
956 566 1099 626 interfecti
1125 575 1210 625 sunt:
1246 582 1321 642 quos

171 656 232 706 teste
252 646 390 706 Merkeh'o
409 647 523 725 Proleg.
537 647 629 722 Apoll.
643 646 683 705 R.
696 657 726 722 p.
767 666 804 705 ne
826 647 960 707 Minerua
981 648 1092 707 uideret
1112 647 1179 706 fecit
1203 666 1257 707 sua
1277 647 1321 706 lu·-

171 728 285 787 XXII.
536 774 541 785 .
620 767 629 782 -
767 729 847 786 mina
861 730 975 806 operiri.
1019 730 1057 787 P.

212 809 346 875 †Lemnii
375 829 393 868 a
420 809 663 868 Lacedaemoniis
694 811 725 868 in
807 811 942 875 †Lemnii
956 807 1015 892 [uel
1030 804 1183 889 †Hemnii]
1199 828 1216 867 a
1231 808 1321 866 Lace-

175 890 725 968 temploMinemaeperempti,propter
767 891 930 951 daemoniis
961 894 992 950 in
1027 890 1137 967 templo
1166 890 1320 948 Mineruae

172 974 253 1049 quod
272 972 327 1030 dea
348 974 460 1031 uultum
478 974 580 1031 auertit
599 973 677 1031 unde
698 982 727 1031 et
768 973 931 1048 interempti
956 983 1030 1045 sunt,
1049 972 1130 1049 quod
1151 991 1188 1030 ne
1210 971 1321 1030 uideret

172 1054 266 1113 adhuc
281 1054 409 1131 pingitur
423 1053 496 1113 facie
510 1072 603 1113 uersa.
648 1053 684 1113 G.
768 1055 824 1113 dea
845 1055 948 1113 oculos
970 1072 1039 1112 suos
1057 1054 1188 1123 retorsit;
1210 1072 1246 1111 ex
1261 1070 1321 1128 quo

249 1145 257 1156 “
767 1137 957 1195 nuncetiam
981 1146 1025 1194 est
1049 1136 1080 1192 in
1108 1134 1218 1210 templo
1240 1134 1321 1193 uultu

767 1227 885 1288 retorto,
908 1226 938 1276 ut
960 1217 987 1276 d.
1009 1214 1211 1276 Callimachus.
1258 1215 1323 1275 Cet

767 1297 837 1356 Ast.

214 1382 282 1454 381.
302 1378 347 1438 Vt
368 1379 424 1455 qui
447 1379 610 1439 Threicii.
653 1379 724 1439 Dio·
808 1378 967 1438 Diomedes
990 1398 1041 1437 rex
1062 1377 1206 1437 Thraciae
1229 1392 1320 1454 equas

172 1461 272 1519 medes
293 1480 344 1519 rex
366 1461 509 1519 Thraciae
532 1461 612 1536 pauit
634 1479 725 1536 equas
766 1460 893 1519 habebat
914 1461 1019 1537 quibus
1040 1458 1169 1535 hospites
1191 1476 1260 1517 suos
1283 1458 1321 1516 ad

172 1560 239 1600 suas
256 1541 418 1618 hospitibus
436 1542 504 1600 suis.
522 1543 602 1619 quod
621 1561 725 1618 passus
767 1542 982 1601 comedendum
997 1541 1092 1611 dabat,
1105 1551 1136 1599 ut
1147 1540 1174 1598 d.
1185 1540 1319 1600 Ouidius.

171 1632 215 1682 est
229 1624 266 1681 ab
281 1622 416 1682 Hercule.
462 1621 499 1682 G.
768 1622 802 1683 C.

205 1709 282 1778 383.
297 1703 625 1764 Therodamanteos.
641 1702 724 1763 *Rex
807 1703 1102 1763 *Therodomanthus
1136 1721 1188 1761 rex
1217 1702 1320 1761 Mene-

172 1784 429 1849 Therodomantes
445 1785 546 1844 habuit
565 1786 666 1844 leones
683 1786 724 1844 fe·
764 1786 841 1844 leam
867 1780 1041 1865 [quandam]
1071 1785 1206 1843 leonibus
1231 1779 1319 1865 [suis]

171 1867 301 1924 rissimos
344 1884 419 1942 quos
465 1866 593 1925 humana
637 1885 723 1926 carne
765 1867 879 1939 obiecit,
894 1885 982 1941 quem
1002 1866 1060 1924 filia
1080 1866 1141 1924 eius
1157 1865 1320 1939 Messagete

171 1948 269 2024 pauit;
291 1948 396 2023 quibus
417 1948 505 2006 etiam
526 1949 595 2023 quia
616 1957 724 2006 matro·
765 1948 920 2018 occiderat,
942 1967 1010 2006 cum
1038 1949 1101 2023 ipse
1129 1946 1215 2004 uellet
1239 1945 1320 2004 adul-

172 2047 241 2086 nam
255 2029 413 2105 quamdam
429 2029 586 2087 Menaliam
603 2030 723 2087 nomine
766 2030 850 2088 terari
870 2048 995 2101 cumea,
1018 2039 1048 2086 ut
1066 2036 1185 2087 testatur
1202 2027 1318 2086 Darius.
1360 2026 1365 2033 ⁴

171 2110 263 2167 uoluit
298 2110 374 2181 dare,
410 2121 441 2167 ut
477 2128 545 2167 cum
578 2109 635 2168 filia
673 2128 726 2168 sua
766 2110 828 2169 Ast
842 2118 867 2168 et
881 2109 914 2169 C.

173 2189 306 2266 Megisea
317 2190 531 2264 adulteraretur,
544 2193 581 2250 ab
592 2210 627 2250 ea
637 2191 725 2250 inter-

171 2271 264 2330 fectus
279 2281 331 2331 est.
377 2271 413 2332 G.

213 2351 487 2412 *Therodomantus
506 2373 613 2429 genere
633 2354 713 2413 Libis
731 2355 910 2414 Melonteam
928 2355 1077 2431 quandam
1096 2354 1230 2412 leonibus
1252 2351 1320 2412 ieris

172 2433 285 2505 obiecit,
301 2435 380 2510 quod
395 2435 492 2493 multis
506 2437 564 2493 iam
580 2435 703 2496 iecerat:
727 2436 812 2496 huius
827 2447 924 2496 autem
938 2437 996 2494 filia
1011 2455 1032 2495 s.
1049 2435 1190 2512 Mesogea
1204 2435 1318 2494 Thero-

173 2516 313 2573 domanta
327 2516 440 2574 occidit.
483 2515 521 2574 P.

215 2601 282 2671 384.
318 2596 453 2672 Quique
514 2597 726 2657 Thoanteae.
809 2599 911 2658 Thoas
933 2594 1321 2678 (Thrased.Porrs),filius

173 2676 283 2752 Tangit
304 2679 390 2735 ritum
408 2679 539 2737 sacrificii
559 2678 726 2754 Iphigeniae
768 2680 884 2751 Bacchi,
927 2698 1094 2757 quanquam
1145 2679 1321 2737 Lemniades

173 2760 251 2834 apud
266 2759 398 2817 Taurum
413 2761 567 2818 ciuitatem.
607 2758 643 2819 G.
767 2764 845 2821 uiros
877 2780 946 2820 suos
981 2760 1188 2831 interfecerant,
1217 2778 1234 2817 a
1262 2759 1320 2817 lilia

214 2839 331 2898 Tauros
352 2850 395 2899 est
412 2842 508 2898 insula
525 2842 574 2898 ubi
594 2852 655 2899 erat
675 2861 724 2899 rex
768 2842 932 2919 Hypsipyle
949 2844 1086 2900 liberatus
1109 2843 1139 2899 in
1162 2841 1320 2899 Tauricam

173 2921 276 2980 Thoas
291 2922 340 2996 qui
361 2921 496 2980 homines
517 2922 646 2980 aduenas
662 2922 723 3001 (om.
766 2927 917 3000 regionem
939 2924 1020 2999 fugit,
1045 2924 1075 2980 in
1097 2941 1155 2998 qua
1179 2922 1319 2997 regnauit.

173 3001 257 3079 Ast.)
292 3003 406 3061 Dianae
442 3003 631 3062 sacrificabat.
689 3005 725 3063 de
767 3015 796 3064 et
830 3006 870 3063 ibi
904 3005 935 3062 in
969 3004 1079 3079 templo
1111 3003 1223 3062 Dianae
1258 3011 1320 3061 erat

172 3147 234 3184 cum
246 3133 414 3198 Sybaritanis
423 3140 452 3185 et
463 3133 688 3186 Crotoniensibus
698 3135 800 3202 pellere
813 3140 921 3187 ceteros
932 3135 1054 3187 Graecos
1065 3133 1143 3185 ltalia
1153 3139 1319 3185 statuerunt.

174 3203 244 3254 Cum
269 3203 387 3270 primum
411 3203 507 3256 urbem
531 3204 610 3256 Sirim
635 3206 778 3272 cepissent,
800 3207 828 3258 in
852 3207 1055 3272 expugnatione
1079 3204 1136 3257 eius
1161 3217 1179 3255 L
1204 3204 1320 3255 iuuenes

172 3273 469 3340 amplexos-Mineruae
487 3274 662 3327 simulacrum
680 3276 907 3344 sacerdotemque
927 3275 994 3328 deae
1013 3276 1133 3327 uelatum
1152 3273 1320 3325 ornamentis

172 3343 244 3396 inter
256 3344 312 3410 ipsa
324 3345 418 3397 altaria
430 3345 647 3399 trucidauerunt.
678 3346 822 3411 Historiam
835 3348 981 3400 tradiderat
991 3346 1165 3399 Callimachus
1178 3345 1200 3395 si
1203 3343 1269 3410 fides
1282 3355 1320 3396 est

173 3414 196 3467 G
204 3425 228 3466 et
242 3417 307 3467 Aslr.
326 3434 383 3467 eum
400 3418 437 3468 ed.
457 3417 544 3468 Paris.
562 3431 637 3481 1573,
656 3435 719 3483 quae
736 3437 794 3470 cum
807 3420 831 3468 P
846 3427 869 3469 et
883 3417 964 3470 Schol.
977 3417 1112 3484 Saluagnii
1130 3417 1257 3480 consentit,
1270 3416 1320 3466 nisi

172 3487 235 3552 quod
245 3486 307 3538 haec
318 3486 392 3538 hahet
406 3484 511 3550 Leuini‚
524 3505 572 3539 non
585 3487 662 3538 multi
679 3487 740 3554 uiri,
754 3488 818 3556 quod
827 3498 864 3539 est
878 3488 905 3540 in
918 3484 969 3541 cod.
983 3488 1063 3553 Sala,
1076 3487 1194 3553 additque
1205 3490 1319 3537 auctore

174 3554 340 3608 Callimacho
353 3558 418 3623 quod
427 3577 445 3610 a
458 3561 481 3608 P
492 3558 569 3610 abest.

210 3630 270 3689 381.
288 3628 374 3678 tracie
389 3626 435 3679 GC
505 3627 618 3679 Ouidius
631 3628 694 3681 Her.
707 3630 758 3681 IX.
773 3631 816 3695 67,
831 3634 856 3681 8.

211 3701 270 3760 383.
289 3697 405 3749 Historia
416 3708 539 3765 suspecta.
558 3697 817 3752 TerodomantesG
852 3697 1183 3752 TheurodomantheusG
1211 3695 1320 3749 Menal-

173 3765 280 3820 diamG
321 3764 387 3834 suis]
401 3786 449 3822 om.
464 3769 527 3821 Ask.
573 3769 709 3835 quendam
724 3771 788 3822 Ask.
833 3769 951 3838 quamG
991 3769 1169 3835 messagetiG
1209 3767 1321 3820 miserta

175 3839 239 3889 Ask.
277 3836 321 3888 uel
334 3838 429 3890 eratC
461 3838 615 3891 condamP
651 3840 752 3891 Similia
765 3841 840 3893 Mure
876 3839 1067 3892 Therodamus
1080 3840 1122 3892 uel
1135 3838 1321 3892 therodomon

174 3923 222 3960 rex
233 3906 296 3959 libie
303 3923 409 3959 summe
419 3908 535 3961 crudelis
543 3910 635 3961 leones
645 3925 707 3961 suos
717 3911 865 3976 uirginibus
874 3915 903 3962 et
912 3910 1035 3963 humanis
1043 3909 1168 3963 carnibus
1176 3910 1259 3977 pauit.
1272 3909 1320 3977 qui

174 3978 261 4030 eciam
275 3979 314 4029 eis
326 3978 460 4044 uirginem
472 3978 682 4046 pulcherrimam
696 3980 807 4033 nomine
820 3980 964 4033 melamam
977 3981 1088 4051 obiecit.
1121 3980 1165 4033 hic
1177 3997 1193 4032 a
1206 3980 1259 4033 lilia
1271 3995 1320 4032 sua

173 4063 297 4114 megasea
309 4063 390 4115 quam
403 4054 528 4116 stuprare
541 4050 628 4101 uoluit
640 4056 682 4102 est
695 4051 809 4104 occisus.
836 4053 963 4120 Corrupta
971 4054 1074 4105 nomina
1087 4052 1157 4105 credo
1169 4072 1200 4104 ex
1209 4053 1319 4104 nationi·

173 4119 218 4171 bus
233 4119 384 4186 Africanis:
401 4121 530 4188 Magassa
543 4121 604 4173 urbs
615 4122 761 4189 Aethiopiae
769 4123 925 4190 adsignatur
936 4141 954 4175 a
966 4124 1050 4174 Plinio
1060 4124 1106 4174 VI.
1119 4127 1184 4175 180:
1203 4123 1320 4174 Melania

173 4190 226 4241 siue
237 4189 365 4242 Melontea
376 4208 408 4240 ex
420 4191 522 4257 antiquo
534 4193 631 4244 nomine
643 4192 702 4243 Nili
712 4195 797 4260 potuit
807 4197 941 4262 proluere,
954 4194 994 4245 hic
1006 4194 1071 4245 enim
1084 4202 1107 4246 et
1119 4194 1204 4245 Melas
1217 4204 1241 4244 et
1253 4191 1320 4244 Melo

173 4262 314 4326 antiquitus
332 4260 511 4329 appellabatur
531 4261 613 4328 (Plut.
625 4263 655 4313 de
668 4263 741 4315 Fluu.
758 4265 797 4329 16,
810 4263 909 4317 Paulus
922 4265 990 4316 Festi
1006 4275 1031 4331 p.
1046 4280 1096 4328 124
1109 4263 1161 4332 M.)
1198 4264 1270 4332 Quae
1283 4269 1320 4314 'ex

173 4332 197 4383 P
209 4331 265 4382 dedi
275 4331 362 4383 eadem
373 4340 463 4383 extant
475 4334 501 4384 iu
513 4332 550 4384 ed.
562 4334 651 4385 Paris.
667 4346 743 4396 1573.

213 4405 272 4464 384.
291 4400 438 4466 erifegeuie
462 4403 485 4454 G
574 4401 701 4454 Thauros
723 4403 746 4456 G
767 4404 831 4456 Ask.
924 4404 951 4454 in
972 4403 1073 4455 Ouidio
1092 4403 1127 4455 de
1147 4407 1233 4471 ponto
1252 4402 1320 4453 Ask.

174 4473 250 4524 Pont.
264 4472 314 4524 111.
329 4489 353 4523 2.
366 4486 399 4535 45
508 4471 695 4539 effigeniamG
806 4473 977 4541 ephigeniam
992 4476 1056 4526 Ask.
1148 4495 1157 4545 '.
1166 4468 1320 4542 regionem]

171 4541 344 4608 prouinciam
357 4541 402 4596 ubi
415 4549 558 4610 praeterea
570 4545 694 4611 regnauit
706 4545 744 4600 ed.
757 4545 846 4600 Paris.
859 4560 923 4610 1573
992 4550 1025 4597 et
1035 4544 1156 4600 altered.
1165 4544 1254 4598 Paris.
