3038 5010
528 395 877 459 COMMENTARIVS.
1221 403 1277 458 167

129 556 304 630 Tragoedias
329 556 365 613 de
391 556 544 612 Palamede
568 555 739 638 scripserunt
761 555 919 625 Aeschylus
945 556 1101 625 Sophocles
1127 557 1279 627 Euripides

129 631 310 700 Astydamas‚
329 629 363 683 cf.
385 629 462 683 Seru
482 628 520 682 ad
538 628 608 682 Aen.
622 627 650 682 ri.
667 628 709 695 82,
728 626 858 682 Philostr.
879 626 994 682 Heroic.
1011 641 1063 694 714
1081 626 1141 680 ἀλλ’
1159 628 1279 698 ἔφθησαν

128 701 207 756 αύτὸν
224 701 250 754 ui
266 697 419 755 Ὀδυσσέως
436 698 546 768 μηχαναί
564 701 657 766 σοφῶς
674 697 834 766 ξυντεθεῖσαι
853 697 894 750 καὶ
911 701 1014 767 χρυσοῦ
1032 699 1079 766 μὲν
1097 697 1179 766 ἥττων
1195 699 1278 768 ἔδοξε,

128 771 257 841 προδότης
273 792 302 825 τε
319 765 383 824 εἶναι
401 767 577 838 κατεψεύσθη,
590 767 738 839 περιαχθεὶς
756 768 784 820 δὲ
802 768 838 821 τὼ
856 771 927 838 χεῖρε
946 767 1111 837 κατελιθάθη,
1124 771 1279 833 βαλλόντων

128 843 205 896 αὐτὸν
222 839 441 908 Πελοποννησίων
458 861 487 893 τε
505 840 546 893 καί
564 837 721 906 Ἰθακησίων.
747 837 763 905 ἡ
781 838 810 891 δὲ
826 837 894 906 άλλη
912 835 1010 893 Ἑλλὰς
1028 839 1087 893 οῦδὲ
1106 840 1173 908 ε’όιρα
1190 844 1279 906 ταῦτα,

129 911 198 966 ἀλλὰ
210 913 251 966 καὶ
264 912 388 965 δοκοῦντα
400 910 494 963 ἀδικεῖν
506 908 601 981 ἠγάπα.
618 910 687 978 ὦμὸν
699 909 740 962 καί
752 909 781 963 τὸ
793 906 833 963 ἐπ’
844 909 912 980 αὐτῷ
926 908 1049 978 κήρυγμα
1063 910 1097 978 μὴ
1110 912 1161 979 γὰρ
1174 909 1279 964 θάπτειν

129 983 174 1036 τόν
183 981 342 1050 Παλαμήδην
353 981 417 1050 μηδὲ
425 983 514 1034 ὁσιοῦν
526 984 557 1049 τῇ
570 981 612 1048 γῇ,
621 977 793 1047 ἀποθνήσκειν
805 979 833 1033 δὲ
845 980 891 1034 τόν
899 979 1052 1047 ἀνελόμενόν
1059 1002 1088 1034 τε
1098 982 1138 1033 καὶ
1148 981 1280 1049 θάψαντα.

130 1055 195 1122 621,
208 1056 236 1108 2.
254 1052 383 1106 Historia
395 1051 500 1122 ignota,
513 1061 541 1106 et
553 1050 715 1105 nominibus
729 1049 843 1105 incerta.
882 1051 975 1119 Quam
993 1068 1068 1104 nunc
1087 1051 1279 1105 coniecturam

129 1122 323 1193 propositurus
342 1140 413 1190 sum,
432 1122 538 1192 pendet
556 1140 591 1176 ex
610 1121 695 1175 Diod.
712 1121 728 1175 i.
743 1122 785 1189 88,
802 1120 850 1175 ubi
870 1121 905 1174 de
924 1121 1071 1190 Aegyptiis
1090 1121 1187 1176 dicens
1206 1123 1279 1176 haec

129 1194 224 1248 habet.
234 1194 299 1249 Totis
306 1194 334 1246 δὲ
342 1191 454 1264 πυρῥοῦς
461 1196 525 1256 βοῦς
533 1191 732 1261 συγχωρηθῆναι
740 1190 809 1245 θύειν
818 1191 859 1245 διὰ
868 1192 898 1245 τό
906 1191 990 1244 δοκεῖν
996 1195 1113 1245 τοιοῦτον
1119 1193 1155 1262 τῷ
1163 1193 1279 1262 χρώματι

122 1265 261 1357 γεγονέναι
269 1265 382 1332 Τυφῶνα
393 1264 438 1318 τὸν
449 1261 672 1327 ἐπιβουλεύσαντα
683 1264 730 1331 μὲν
741 1261 862 1332 Ὀσίριδι,
874 1264 985 1330 τυχόντα
998 1262 1028 1314 δὲ
1038 1262 1160 1333 τιμωρίας
1172 1262 1221 1315 ῦπὸ
1233 1264 1279 1329 τῆς

138 1335 225 1390 Ισιδος
237 1334 279 1388 διά
296 1335 341 1388 τόν
356 1334 464 1402 τάνδρὸς
481 1336 572 1403 φόνον.
609 1333 658 1386 Καὶ
675 1338 727 1387 τῶν
743 1332 883 1401 ἀνθρώπων
901 1332 929 1385 δὲ
947 1331 1007 1387 τοῦς
1025 1333 1224 1402 ὁμοχρωμάτους
1242 1335 1278 1405 τῷ

129 1407 233 1474 Τυφῶνι
245 1406 275 1458 τό
286 1404 398 1459 παλαιόν
406 1404 457 1458 ῦπὸ
468 1409 519 1458 τῶν
530 1402 663 1469 βασιλέων
671 1403 740 1475 φασὶ
753 1401 860 1457 θύεσθαι
872 1403 936 1472 πρός
947 1405 983 1474 τῷ
995 1404 1071 1474 τάφῳ
1083 1407 1130 1456 τοῦ
1138 1401 1279 1471 Ὀσίριδος·

129 1480 180 1530 τῶν
196 1477 243 1544 μὲν
261 1473 305 1529 οῦν
322 1474 468 1544 Αἰγυπτίων
483 1474 588 1545 ὀλίγους
603 1475 674 1530 τινάς
689 1474 854 1543 εὑρίσκεσθαι
872 1471 993 1542 πυῤῥοῦς,
1009 1478 1060 1526 τῶν
1076 1473 1105 1526 δὲ
1123 1472 1202 1541 ξένων
1218 1473 1279 1529 τοῦς

129 1547 243 1602 πλείους·
261 1546 301 1600 διὸ
319 1546 360 1600 καί
377 1547 435 1615 περὶ
453 1547 498 1613 τῆς
511 1545 662 1614 Βουσίριδος
677 1544 837 1612 ξενοκτονίας
850 1545 919 1613 παρὰ
930 1546 985 1598 τοῖς
997 1541 1129 1611 Ἕλλησιν
1140 1543 1279 1613 ἐνισχῦσαι

129 1617 175 1671 τόν
186 1616 276 1685 μῦθον,
289 1615 319 1669 οῦ
331 1620 377 1670 τοῦ
388 1617 521 1679 βασιλέως
532 1614 719 1684 ὀνομαζομένου
732 1615 891 1684 Βουσίριδος,
904 1614 973 1667 άλλά
990 1618 1036 1668 τοῦ
1048 1613 1180 1684 Ὀσίριδος
1191 1615 1279 1684 τάφου

129 1685 223 1754 ταύτην
234 1688 339 1757 ἔχοντας
350 1686 396 1755 τὴν
407 1686 586 1776 προσηγορίαν
597 1688 660 1739 κατὰ
672 1685 718 1753 τὴν
729 1690 780 1739 τῶν
791 1686 923 1755 ἐγχωρίων
935 1685 1076 1739 διάλεκτον.
1104 1686 1176 1739 Plut.
1190 1685 1225 1740 de
1241 1687 1277 1741 ls.

130 1767 158 1812 et
173 1757 245 1812 Osir.
256 1756 339 1812 xxxiii
352 1759 463 1828 Τυφῶνα
476 1757 504 1810 δε
516 1760 567 1810 πᾶν
578 1758 608 1810 τὸ
620 1756 752 1826 αὐχμηρόν
764 1757 805 1809 καὶ
817 1756 932 1843 πυρῶδες
944 1757 985 1809 καὶ
997 1755 1148 1824 ξηραντικὸν
1160 1754 1227 1810 όλως
1237 1756 1279 1809 καὶ

130 1829 297 1896 πολέμιοντῇ
313 1828 441 1898 ῦγρότητι.
479 1828 526 1882 art
542 1828 583 1880 καλ
595 1826 750 1898 πυῤῥόχρων
764 1847 896 1896 γεγονεναι
915 1827 950 1897 τῷ
966 1828 1066 1894 σώματι
1083 1826 1123 1879 καί
1139 1826 1279 1896 πάρωχρον

131 1899 273 1965 νομίζοντες
289 1899 319 1952 οῦ
333 1900 400 1952 πάνυ
412 1897 549 1968 προθύμως
562 1898 765 1991 ἐντυγχάνουσιν
777 1897 836 1950 οῦδὲ
853 1895 932 1964 ἡδέως
948 1898 1071 1964 ὁμιλοῦσι
1083 1898 1138 1951 τοῖς
1153 1896 1280 1951 τοιούτοις

53 1983 56 1987 ’
130 1968 176 2036 τὴν
185 1967 407 2040 ὁψινάνθρόποις·
423 1970 468 2022 τόν
476 1969 503 2021 δὲ
510 1966 617 2038 Ὀσιριν
629 1990 661 2021 ου
669 1969 747 2022 πάλιν
756 1968 922 2037 μελάγχρουν
932 1965 1064 2038 γεγονέναι
1076 1966 1278 2035 μυθολογοῦσιν,

130 2038 170 2091 ότι
182 2042 234 2092 πᾶν
245 2037 313 2110 ὕδωρ
326 2041 367 2092 καὶ
379 2041 427 2110 γῆν
439 2041 479 2092 καὶ
493 2039 578 2105 ἱμάτια
591 2040 631 2092 καί
642 2039 708 2107 νέφη
720 2038 833 2107 μελαίνει
845 2036 1005 2109 μιγνύμενον.
1037 2037 1114 2091 Hinc
1127 2038 1280 2092 edocemur

131 2109 261 2164 homines
279 2110 341 2164 rufo
360 2111 453 2164 colore
475 2109 541 2163 odio
561 2109 647 2163 fuisse
665 2107 821 2178 Aegyptiis,
841 2118 868 2163 et
888 2108 1041 2178 antiquitus
1063 2109 1100 2162 ad
1119 2110 1279 2177 sepulcrum

132 2180 253 2234 Osiridis
278 2180 438 2235 immolatos
462 2189 608 2251 tamquam
629 2179 774 2233 inimicum
799 2178 859 2233 eius
881 2181 1022 2248 Typhona
1046 2178 1092 2249 qui
1118 2178 1179 2248 ipse
1201 2179 1279 2232 rufus

131 2261 206 2305 esset
218 2251 391 2319 referentes;
417 2260 564 2320 praeterea
580 2251 634 2304 hoc
652 2251 745 2304 colore
764 2249 811 2321 qui
830 2260 933 2318 essent,
947 2251 1023 2304 uelut
1040 2259 1169 2304 externos
1187 2249 1279 2304 notari

131 2322 168 2375 ab
186 2321 342 2391 Aegyptiis,
360 2338 414 2376 nec
431 2321 551 2376 libenter
570 2321 641 2376 adiri
664 2320 771 2376 solitos.
817 2322 899 2375 Haec
917 2327 1031 2390 poetam
1050 2320 1091 2374 sic
1109 2320 1279 2375 adumbrare

131 2409 234 2447 censeo
251 2401 281 2446 ut
293 2393 429 2447 Aethalos
447 2392 482 2446 sit
500 2391 517 2447 i.
528 2409 553 2463 q.
567 2391 728 2462 πυῤῥόχρως,
741 2393 796 2446 hoc
814 2402 909 2446 autem
926 2390 1040 2445 nomine
1058 2391 1191 2445 uniuersa
1208 2408 1280 2460 gens

130 2467 182 2516 τῶν
199 2461 311 2532 πυῤῥῶν,
330 2463 360 2517 id
378 2463 455 2534 quod
473 2464 544 2517 solet
563 2462 592 2517 in
614 2461 718 2531 mythis
737 2462 805 2530 fieri,
824 2463 981 2517 denotetur.
1019 2463 1105 2516 Hunc
1122 2464 1280 2516 Aethalon

131 2532 191 2587 siue
204 2544 350 2588 externum
367 2537 482 2598 hospes
500 2551 567 2587 suus
580 2532 736 2602 Aegyptius
754 2537 789 2587 ln
807 2536 903 2588 Isldls
922 2533 1028 2602 templo
1045 2533 1132 2587 fertur
1144 2530 1280 2586 coniectis

131 2603 194 2658 telis
207 2602 285 2674 (625)
299 2603 456 2673 occidisse;
480 2604 555 2658 unde
573 2603 731 2659 institutum
750 2613 780 2657 ut
800 2603 847 2672 qui
866 2602 950 2657 simili
967 2602 1062 2671 specie
1081 2613 1176 2657 essent
1195 2620 1213 2656 a
1225 2602 1280 2656 ritu

131 2673 203 2729 deae
227 2684 395 2729 arcerentur.
538 2676 603 2728 621.
622 2677 692 2729 uita
715 2677 872 2741 spoliauit,
895 2673 1042 2727 interfecit.
1078 2675 1149 2727 Aen.
1170 2672 1206 2727 vi.
1230 2673 1279 2727 168

130 2746 285 2815 Postquam
297 2746 381 2799 allum
400 2743 470 2799 uita
487 2746 579 2800 αἰτίαν
596 2744 754 2814 spoliauit
766 2743 899 2798 Achilles.
938 2742 1037 2797 lustin.
1050 2743 1104 2797 xvi.
1117 2757 1134 2808 4
1145 2743 1281 2813 spelthtos

121 2815 255 2884 fortunis
267 2815 335 2870 uita
347 2832 454 2885 quoque
466 2815 631 2885 spoliauit.
655 2834 733 2869 xxxv.
751 2830 761 2868 1
778 2816 937 2883 uictumque
949 2813 1017 2867 uita
1025 2816 1140 2882 pariter
1150 2831 1183 2867 ae
1194 2830 1281 2884 regno

58 2916 61 2933 ι
131 2885 264 2955 spoliat.
335 2889 478 2940 inIsidls
490 2888 604 2955 templo.
620 2885 728 2940 Callim.
743 2886 797 2954 Ep.
812 2897 853 2953 57.
869 2900 879 2938 1
895 2882 1003 2952 Ἰναχίης
1014 2884 1126 2950 ἔστησεν
1137 2881 1279 2939 ε’νἸσιδος.

130 2959 200 3010 622.
218 2972 346 3024 memor,
359 2966 389 3011 ut
407 2956 543 3010 memoria
561 2956 628 3010 facti
647 2965 721 3010 extet
735 2954 915 3023 ‘recording'
928 2953 988 3008 siue
1001 2953 1047 3006 ‘in
1066 2953 1165 3007 record
1184 2954 1216 3007 of
1230 2955 1280 3009 the

131 3028 232 3082 event'
306 3029 343 3081 Io
361 3025 402 3080 sic
414 3031 425 3079 l
437 3036 565 3096 correpta
582 3027 683 3095 legitur
697 3028 765 3081 Her.
778 3025 830 3080 xiv.
845 3040 892 3089 103
910 3025 987 3093 Quae
1002 3024 1055 3078 tibi
1068 3041 1153 3078 causa
1162 3025 1281 3095 fugae?

130 3098 204 3168 quid
218 3098 252 3151 Io
266 3096 349 3166 freta
368 3097 455 3168 longa
474 3100 635 3167 pererras?
665 3096 853 3167 ‘quamquam
874 3095 984 3149 libellus
1006 3095 1068 3161 iste,
1089 3094 1179 3163 qualis
1204 3112 1280 3149 nunc

130 3167 247 3238 quidem
264 3168 359 3236 fertur,
378 3168 451 3221 adeo
469 3167 561 3221 omnis
585 3167 696 3236 generis
721 3167 834 3237 ineptiis
859 3165 1098 3236 dissonantiisque
1116 3174 1214 3233 scatet,
1233 3165 1280 3219 uix

131 3237 287 3308 quidquam
311 3248 341 3292 ut
369 3236 516 3306 indignum
544 3237 673 3292 uideatur
700 3237 760 3292 eius
782 3238 913 3293 auctore.¹
959 3238 1026 3291 Luc.
1048 3236 1168 3290 Mueller
1189 3236 1225 3290 de
1249 3253 1281 3290 re

132 3309 254 3363 Metrica
281 3326 307 3378 p.
328 3321 388 3377 247,
413 3325 535 3379 quocum
555 3308 623 3363 facit
641 3308 727 3363 etiam
745 3311 779 3363 A.
800 3309 919 3363 Palmer.
957 3307 1014 3362 Sed
1036 3306 1065 3360 in
1088 3305 1177 3360 ibidis
1195 3323 1280 3360 uersu

130 3379 257 3433 nonnulli
270 3379 383 3433 codices
396 3379 502 3433 habent
514 3381 568 3433 ion.
602 3380 644 3434 Cf.
657 3381 747 3433 Varro
762 3380 792 3434 L.
807 3380 837 3434 L.
850 3379 907 3433 viii.
920 3393 953 3431 22
966 3377 1053 3431 leuius
1064 3377 1244 3431 Artemidori
1253 3381 1282 3430 et

130 3449 218 3503 huius
226 3450 305 3503 Ionz's
312 3455 339 3503 et
347 3449 433 3503 leuius
440 3449 621 3519 Ephesiirsie
628 3452 660 3504 in
669 3450 777 3504 casibus
785 3451 860 3505 aliis.
881 3451 944 3518 Quo
954 3458 1071 3515 retento,
1080 3447 1240 3517 scriptoque
1250 3447 1280 3501 in

132 3537 159 3573 u.
169 3520 218 3573 621
228 3521 357 3574 Isindius
365 3521 410 3575 uel
418 3522 546 3589 Stadios,
557 3520 597 3574 sic
610 3520 846 3591 interpretaberis,
855 3529 884 3574 ut
898 3520 996 3573 credas
1008 3519 1146 3572 Isindium
1156 3517 1279 3588 aliquem

134 3589 243 3660 (Steph.
265 3593 298 3645 B.
314 3588 436 3658 Ἰσινδος,
456 3594 533 3646 πόλις
552 3590 657 3646 Ἰωνίας.
693 3594 706 3644 ὁ
727 3592 836 3658 πολίτης
854 3589 982 3658 Ἰσίυδιος,
1003 3590 1037 3643 cf.
1060 3584 1281 3656 ε.ι1.”Αμθλαδα

132 3669 161 3714 et
173 3661 269 3729 Σινδίο)
282 3661 424 3730 hospitem
437 3663 578 3716 Aethalon
595 3663 640 3716 uel
652 3663 768 3716 Attalon
782 3659 920 3716 occidisse
932 3680 939 3726 ;
964 3659 1041 3713 cuius
1059 3658 1125 3713 facti
1139 3675 1280 3713 memores

134 3732 219 3786 Ionas
248 3749 265 3786 a
293 3732 366 3786 festo
398 3732 598 3786 Panioniorum
630 3731 752 3787 Isindios
783 3731 916 3787 arcuisse.
965 3729 1103 3785 Panionia
1132 3728 1280 3784 Strabonis

132 3811 226 3857 aetate
242 3802 369 3857 nondum
387 3803 485 3858 haberi
498 3803 640 3858 desierant
652 3804 713 3871 384,
726 3804 798 3872 639:
821 3802 854 3857 cf.
870 3799 999 3855 Philostr.
1013 3799 1071 3856 Vit.
1083 3801 1213 3870 Apollon.
1230 3814 1279 3867 143

132 3888 159 3953 p.
172 3873 208 3926 66
222 3874 341 3943 Kayser.
481 3877 551 3942 623,
563 3878 592 3928 4.
607 3874 734 3928 Historia
749 3892 783 3928 ex
796 3872 920 3942 Odyssia
939 3881 1059 3941 sumpta,
1072 3871 1172 3926 leuiter
1183 3880 1281 3925 tamen

133 3954 295 3998 immutata:
313 3959 429 4009 parens
442 3943 518 3998 enim
529 3944 576 3997 hic
589 3954 631 3999 est
645 3943 758 4015 quaein
773 3943 897 4014 Odyssia
909 3945 1020 3997 notrae.
1088 3945 1157 3997 623.
1175 3944 1281 4012 thus

132 4013 264 4083 Vlyssem
282 4018 421 4069 tenebris
442 4019 592 4069 latentem
613 4031 633 4069 a
652 4017 835 4069 Melanthea
851 4018 945 4069 oasds
966 4022 1177 4068 conuertentem
1197 4029 1229 4067 se
1250 4011 1278 4064 in

132 4084 324 4140 obscuriorem
348 4095 457 4154 partem
481 4085 544 4141 atrii
568 4103 613 4154 ne,
638 4085 661 4139 si
686 4085 798 4156 agnitus
822 4084 929 4153 fuisset,
954 4084 1155 4153 intelligeretur
1175 4082 1279 4136 caedes

132 4171 219 4224 quam
233 4155 391 4210 Melanthio
405 4157 532 4225 parabat,
550 4160 621 4222 ipsa
637 4173 752 4222 parens
768 4155 899 4210 Anticlea
916 4158 1056 4220 prodidit
1069 4152 1203 4208 indicauit
1217 4151 1280 4222 quis

132 4235 208 4280 esset
230 4229 331 4281 offloio
352 4229 483 4281 luminis
504 4232 568 4281 cum
590 4227 644 4280 ioci
666 4227 771 4280 lumine
793 4225 953 4280 cicatricem
976 4225 1101 4278 uidisset.
1208 4223 1279 4276 623.

132 4299 322 4351 Melanthea.
361 4297 533 4352 Melanthius
558 4297 618 4352 siue
645 4297 825 4352 Melantheus
848 4296 914 4365 (Od.
936 4295 999 4349 xvii.
1020 4309 1070 4348 212
1095 4294 1149 4347 υἱὸς
1173 4292 1281 4343 Δολίοιο

132 4367 293 4436 Μελανθεύς)
312 4367 455 4437 caprarius
474 4368 583 4438 Vlyssis
605 4386 689 4438 quem
710 4385 775 4421 cum
796 4366 905 4421 ancillis
925 4367 1081 4434 Penelopes
1099 4364 1216 4430 Vlysses
1238 4360 1280 4413 in·

132 4437 242 4492 terfecit
265 4438 319 4492 Od.
339 4438 401 4492 xxii.
421 4451 482 4505 474.
552 4442 699 4506 tenebris,
718 4455 785 4491 nam
802 4448 831 4491 ut
850 4439 914 4491 foco
931 4435 1080 4490 adsidebat
1099 4434 1224 4501 Vlysses,
1241 4431 1279 4486 ad

132 4509 265 4573 tenebras
283 4526 315 4567 se
333 4510 479 4582 conuertit,
498 4526 535 4567 ne
551 4518 751 4581 agnosceretur
767 4507 898 4565 cicatrice
915 4507 1017 4564 duma
1034 4503 1142 4560 nutrice
1160 4503 1280 4558 lauatur.¹
