3038 5010
586 395 936 459 COMMENTARIVS.
1280 399 1336 455 157

186 555 276 608 mirae
299 568 366 607 rum
391 569 505 606 munere
527 555 612 607 sartis
635 553 741 607 Dulcia
761 553 845 607 mella
866 569 964 620 necem,
989 552 1080 605 uitam
1104 552 1181 605 dedit
1203 549 1338 605 barniius

186 627 291 696 anguis
315 624 423 693 (Const.
446 623 604 690 Fanensis).
643 625 728 677 Extat
745 623 866 692 epistula
884 639 956 693 quae
975 623 1061 676 fertur
1079 620 1276 676 Eratosthenis
1298 620 1337 675 ad

186 696 381 749 Ptolemaeum
394 695 430 748 de
447 695 575 762 sepulcro
588 693 664 763 quod
678 695 786 747 Glauco
801 693 896 746 Minos
909 692 1051 760 exstruxit,
1064 702 1132 746 nota
1144 702 1258 773 propter
1271 690 1336 744 cubi

172 764 414 834 duplicationem,
434 782 477 834 ap.
498 764 650 818 Eutocium
667 763 704 818 ad
720 763 881 817 Archimed.
896 763 932 816 de
946 763 1063 830 Sphaer.
1080 772 1108 817 et
1129 763 1188 831 Cyl.
1202 762 1228 816 1i.
1242 778 1268 830 p.
1286 775 1336 828 144

186 835 229 890 ed
250 834 362 888 Torelli.
399 837 473 888 Eam
495 834 620 888 exhibuit
644 833 673 887 in
699 833 896 888 Eratosthenis
920 833 1054 913 relliquiis
1081 831 1205 886 Hillems
1227 849 1253 901 p.
1278 844 1335 900 125.

187 907 260 960 Rem
271 905 359 958 fusius
372 915 487 958 narrant
499 904 629 973 Apollod.
640 903 677 957 iii.
689 919 712 971 3.
726 922 747 972 1,
759 906 833 972 Hyg.
848 904 904 971 136.
930 905 1140 958 Coniunxerunt
1153 903 1236 956 trium
1250 903 1336 956 Glau-

186 992 283 1030 corum
307 975 417 1029 tabulas
442 975 527 1030 etiarn
549 974 712 1043 Apostolius
731 993 755 1028 v.
775 987 818 1040 47,
837 975 880 1040 48,
898 988 942 1042 49,
967 973 1096 1028 Eudocia
1111 974 1183 1027 Viol.
1203 986 1335 1038 αις-244.

186 1049 256 1100 558.
274 1048 459 1099 Praefocent
470 1045 640 1099 uocabulum
652 1044 827 1099 medicorum
840 1044 962 1097 ‘choke'
1024 1048 1126 1098 noxis.
1166 1042 1268 1097 Melius
1281 1043 1335 1096 for-

186 1125 262 1170 tasse
293 1115 453 1184 scripserim
481 1116 594 1170 Gnosia.
644 1117 757 1168 Gnoses
781 1113 857 1168 enim
883 1114 989 1169 Minois
1014 1114 1092 1182 regia
1117 1114 1170 1168 Od.
1195 1113 1248 1166 xix.
1278 1114 1334 1178 178.

185 1189 256 1239 559.
276 1189 477 1250 Sollicitoque
494 1203 548 1240 ore
567 1185 603 1238 ob
622 1194 729 1238 metum
748 1183 855 1238 mortis.
925 1187 1025 1249 Anyti
1043 1184 1090 1253 qui
1108 1201 1172 1238 curn
1187 1183 1293 1237 Meleto
1306 1192 1335 1237 et

188 1257 301 1325 Lycone
319 1257 466 1310 Socratem
485 1265 652 1310 accusarunt
672 1256 742 1309 Plat.
762 1255 844 1323 Apol.
864 1273 881 1307 x
903 1252 950 1306 Ἐκ
970 1253 1126 1307 τούτωνκαὶ
1149 1253 1267 1320 Μελητός
1290 1274 1335 1321 μοι

187 1326 291 1380 ἐπέθετο
304 1324 460 1381 καίἊνυτος
473 1327 514 1379 καὶ
526 1325 622 1392 Λύκων,
633 1325 752 1391 Μέλητος
763 1325 809 1393 μὲν
818 1325 882 1394 ὑπὲρ
891 1329 941 1378 τῶν
952 1329 1063 1391 ποιητῶν
1072 1319 1336 1394 άχθόμενος,”Ανυτος

187 1395 215 1450 δέ
228 1396 291 1467 ὑπὲρ
303 1400 354 1450 τῶν
366 1396 526 1477 δημιουργῶν
535 1395 576 1448 καί
587 1401 637 1449 τῶν
649 1397 796 1461 πολιτικῶν,
809 1393 897 1447 Λύκων
909 1395 937 1448 δὲ
948 1395 1012 1463 ὑπέρ
1025 1400 1075 1447 τῶν
1085 1393 1208 1463 ρητόρων.
1262 1397 1335 1448 doe·

186 1470 336 1522 tissimus.
374 1469 451 1521 Nam
475 1484 504 1520 m
528 1483 563 1520 eo
587 1464 738 1535 praecipue
762 1465 923 1519 uertebatur
943 1464 1086 1518 accusatio
1109 1463 1232 1518 Socratis
1258 1464 1334 1533 quod

187 1538 273 1607 σοφὸς
285 1546 360 1592 esset
377 1546 405 1591 et
423 1537 521 1605 σοφίαν
534 1535 669 1604 indagare
682 1552 713 1589 se
726 1535 910 1604 profiteretur.
946 1535 1199 1605 Responderatque
1214 1535 1334 1589 Chaere-

185 1606 284 1676 phonti
311 1606 420 1676 Pythia,
448 1606 603 1661 sciscitanti
634 1605 766 1675 numquis
796 1606 913 1659 Socrate
942 1615 1017 1659 esset
1048 1605 1210 1675 sapientior,
1239 1606 1335 1670 μηδένα

187 1680 339 1747 σοφώτερον
356 1672 419 1730 είναι
433 1677 524 1746 (Apol.
538 1675 574 1745 v).
612 1675 708 1745 Anyti
724 1693 803 1729 reum
820 1676 967 1730 Socratem
984 1675 1091 1730 dixerat
1110 1674 1245 1728 Horatius
1264 1676 1292 1730 S.
1306 1674 1335 1729 ii.

185 1761 210 1812 4
225 1762 248 1814 3.
328 1750 397 1801 560.
416 1750 642 1812 Inperturbato
661 1745 831 1813 ‘unruffled,'
843 1746 1027 1814 ‘composed¹
1046 1746 1156 1800 uidetur
1175 1745 1334 1799 Stoicorum

186 1834 257 1872 esse.
295 1819 361 1873 Sen.
374 1819 427 1887 Ep.
443 1819 483 1886 85.
498 1832 516 1870 a
535 1817 595 1887 Qui
609 1823 739 1871 constans
755 1821 804 1883 est,
822 1817 1035 1886 inperturbatus
1051 1821 1098 1870 est.
1123 1818 1176 1885 qui
1191 1817 1334 1884 inpertur-

185 1887 267 1941 batus
277 1894 326 1957 est,
338 1889 399 1942 sine
409 1889 532 1942 tn'stitia
543 1893 589 1941 est.
657 1889 741 1951 quod
751 1890 834 1941 bibit
846 1885 954 1941 cicutae
966 1896 1074 1956 potum.
1101 1886 1205 1940 Phaed.
1217 1886 1271 1939 lxvi
1285 1886 1335 1939 Kal

185 1957 236 2024 ἅμα
249 1958 328 2028 ὤρεξε
340 1958 386 2026 τὴν
395 1956 485 2012 κύλικα
497 1961 533 2028 τῷ
545 1957 680 2026 Σωκράτει.
702 1958 743 2010 καὶ
756 1955 784 2011 ὃς
796 1958 885 2021 λαβὼν
898 1959 938 2009 καὶ
957 1958 1027 2025 μάλα
1045 1955 1128 2022 ἵλεως,
1142 1955 1162 2008 ὦ
1174 1954 1334 2025 Ἐχέκρατες,

186 2027 260 2081 οὐδέν
272 2028 365 2098 τρέσας
378 2028 436 2081 οὐδὲ
449 2028 599 2097 διαφθείρας
612 2029 669 2081 οὔτε
681 2031 727 2080 τοῦ
739 2028 875 2096 χρώματος
886 2023 945 2081 ούτε
954 2030 1000 2079 τοῦ
1009 2028 1160 2095 προσώπου,
1172 2024 1232 2080 ἀλλ’
1245 2028 1334 2095 ῶσπερ

124 2112 126 2116 ’
185 2097 267 2151 είώθει
279 2099 404 2167 ταυρηδὸν
415 2096 573 2168 ύσοβλέφας
587 2098 652 2163 πρός
669 2098 714 2149 τόν
730 2095 873 2167 ἄνθρωπον,
885 2096 917 2150 Τί
933 2097 1027 2167 λέγεις,
1038 2098 1099 2165 ἔφη,
1117 2098 1176 2160 περὶ
1194 2096 1271 2150 τοῦδε
1287 2101 1334 2150 τοῦ

186 2170 299 2236 πόματος
316 2169 381 2238 πρός
397 2169 427 2223 τό
445 2167 605 2222 άποσπεῐσαί
623 2184 686 2234 τινι;
705 2169 817 2235 ἔξεστιν,
829 2165 844 2234 ὴ
857 2166 902 2234 ού;
974 2170 1039 2222 561.
1060 2170 1183 2231 siquid
1204 2183 1291 2222 amas
1309 2167 1333 2221 si

187 2238 255 2307 quid
279 2239 366 2294 amati
390 2239 487 2293 habes.
541 2242 703 2292 Haemone
728 2254 813 2307 quam
841 2237 992 2306 Haemoni,
1023 2236 1225 2307 compendiarii
1257 2254 1333 2291 com-

185 2309 305 2377 paratiui
324 2309 428 2364 rariore
446 2326 517 2376 usu;
544 2308 686 2362 simillime
707 2317 803 2362 tamen
826 2307 952 2378 Scriptor
974 2307 1063 2362 Nucis
1084 2321 1123 2376 17,
1144 2309 1175 2361 18
1196 2307 1240 2361 At
1256 2312 1334 2378 past·

186 2395 271 2446 quam
291 2380 421 2449 platanis
443 2381 565 2433 sterilem
590 2379 788 2448 praebentibus
811 2379 939 2432 umbram
968 2380 1083 2432 Vberiar
1105 2380 1209 2447 quauis
1237 2379 1336 2432 arbore

187 2451 266 2502 uenit
287 2449 384 2517 bonor,
404 2450 465 2504 lte.
487 2466 573 2518 quam
592 2447 640 2502 ulli
662 2448 764 2502 arbori.
802 2450 934 2502 Haemon
957 2449 1029 2502 filius
1053 2448 1190 2516 Creontis,
1213 2465 1334 2516 sponsus

186 2519 354 2588 Antigonae,
367 2537 431 2574 cum
448 2537 512 2574 eam
526 2521 618 2573 Creon
637 2518 800 2573 damnasset
819 2529 849 2572 ut
868 2518 896 2572 in
915 2520 1044 2587 sepulcro
1063 2519 1129 2573 uiua
1150 2519 1334 2587 clauderetur,

186 2587 262 2644 iuxta
292 2607 356 2644 eam
386 2589 481 2658 gladio
512 2607 543 2644 se
568 2589 713 2656 interfecit,
742 2587 782 2643 uti
813 2598 908 2642 narrat
940 2590 1095 2659 Sophocles
1125 2589 1220 2658 Antig.
1249 2604 1335 2642 1220-

189 2671 254 2728 1225
268 2659 296 2713 έν
312 2659 340 2712 δέ
355 2660 465 2732 λοισθίῳ
484 2657 643 2729 τυμβεύματι
659 2659 709 2726 Τὴν
725 2659 771 2726 μέν
787 2658 933 2748 κρεμαστὴν
947 2659 1053 2728 αὐχένος
1071 2658 1225 2727 κατείδομεν,
1242 2662 1334 2730 Βρόχιρ

185 2730 288 2797 μιτώδει
317 2729 436 2785 σινδόνος
463 2729 631 2798 καθημμένην,
660 2731 711 2782 Τδν
740 2727 762 2781 δ’
790 2728 859 2798 αμφὶ
885 2726 973 2797 μέσση
1000 2731 1122 2797 περιπετῆ
1149 2730 1334 2799 προσκείμενον

186 2800 267 2868 Εὗνὴς
290 2798 467 2868 ἀποιμώζοντα
490 2802 535 2865 τῆς
559 2799 626 2852 κάτω
648 2799 751 2869 φθορὰν
772 2801 822 2852 Καὶ
845 2800 941 2868 πατρὸς
965 2800 1028 2869 ἔργα
1053 2801 1101 2852 καί
1124 2800 1158 2853 τὸ
1183 2798 1335 2866 δύστηνον

185 2868 285 2939 λέχος.
326 2885 481 2938 1234-1239
502 2865 547 2924 εἷθ’
566 2872 581 2922 ὁ
602 2868 732 2939 δύσμορος
753 2869 827 2940 Aia-qi
847 2869 980 2938 χολωθεὶς,
1002 2871 1091 2938 ὥσπερ
1111 2865 1168 2938 εἶχ’,
1190 2869 1336 2924 ἐπενταθεὶς

178 2935 291 3009 Ἠρεισε
308 2942 432 3008 πλευραῖς
448 2940 550 3010 μέσσον
567 2939 653 3010 ἔγχος,
665 2939 692 2994 ές
710 2938 732 2992 δ’
745 2940 823 3010 ι’νγρδν
835 2935 941 3009 ’Apsoda'
954 2937 988 2993 ἔτ’
1001 2940 1109 3008 ἔμφρων
1120 2938 1237 3010 παρθένῳ
1249 2960 1335 3008 προσ·

185 3008 337 3065 πτύσσεται.
361 3012 410 3063 Καὶ
428 3013 534 3080 φυσιῶν
554 3009 641 3078 ὀξεῖαν
659 3009 782 3073 ἐκβάλλει
799 3007 861 3078 ῥοὴν
886 3009 968 3076 Λευκῇ
985 3010 1077 3078 παρειᾷ
1094 3009 1197 3077 φοινίου
1216 3010 1334 3078 σταλάγ-

185 3101 276 3148 ματος.
313 3082 395 3150 Prop.
409 3080 436 3135 ii.
450 3082 474 3134 8.
489 3094 584 3145 21-24.
620 3079 711 3134 Aliter
728 3079 879 3149 Euripides
898 3079 926 3132 in
945 3079 1097 3147 Antigona,
1116 3096 1199 3148 quem
1222 3089 1334 3134 secutus

184 3149 296 3204 uidetur
319 3150 450 3219 Hyginus
470 3164 512 3217 72.
558 3149 733 3204 Scholiastae
755 3150 791 3204 de
814 3152 927 3204 Haemo
951 3149 1175 3218 interpretantur,
1198 3149 1245 3218 qui
1270 3166 1335 3203 cum

186 3236 281 3275 sorore
300 3221 448 3290 Rhodope,
466 3220 533 3290 quia
550 3238 581 3274 se
600 3220 722 3274 inuicem
737 3229 865 3274 amantes
884 3222 982 3274 Iouem
1004 3237 1038 3273 ac
1058 3222 1196 3273 Iunonem
1209 3219 1335 3288 appella·

185 3290 263 3358 bant,
282 3291 311 3344 in
332 3301 444 3344 montes
466 3290 594 3344 conuersi
617 3300 689 3358 sunt,
710 3291 782 3345 Plut.
804 3291 840 3344 de
863 3291 922 3344 Flu.
943 3290 978 3358 xi,
999 3292 1068 3344 Met.
1088 3289 1122 3343 vi.
1143 3290 1236 3357 87-89.
1277 3290 1334 3343 Sed

187 3363 368 3414 Haemonem
380 3361 436 3415 dici
451 3363 593 3415 Haemum
612 3360 737 3429 potuisse
756 3377 813 3414 non
832 3361 925 3429 credo,
942 3359 995 3414 etsi
1014 3359 1114 3414 melius
1133 3359 1173 3414 sic
1186 3359 1223 3412 ad
1238 3361 1335 3413 Maca-

185 3447 265 3484 reum
277 3431 417 3485 transitur.
487 3435 577 3485 aedat
589 3441 721 3485 euentum
734 3431 838 3484 habeat
852 3433 931 3484 Pont.
946 3429 980 3484 iv.
995 3445 1020 3484 2.
1032 3432 1067 3495 48
1085 3430 1199 3483 Vtiliter
1207 3431 1335 3482 studium

186 3502 264 3570 quad
272 3502 326 3556 tibi
334 3503 406 3556 cedit
417 3519 492 3554 ama.
610 3503 680 3555 562.
698 3518 756 3556 sua
768 3501 862 3570 puella
874 3517 960 3570 quam
972 3501 1096 3568 amabat,
1109 3499 1252 3554 amoribus
1266 3499 1332 3554 suis.
1412 3514 1415 3519 ·

187 3571 250 3625 Tib.
264 3571 281 3626 i.
294 3586 318 3638 4.
334 3584 366 3640 75
382 3573 489 3626 Pareat
500 3569 550 3625 ille
561 3588 635 3638 suae,
649 3588 699 3624 uas
711 3589 754 3625 me
769 3572 899 3625 celebrate
911 3572 1087 3640 magistrum.
1108 3570 1136 3623 ii.
1152 3582 1173 3638 5.
1191 3584 1239 3638 103
1249 3570 1335 3639 ferus

187 3641 454 3712 illesuaeplarabit.
494 3646 667 3696 Macareus.
698 3643 769 3696 Plut.
785 3642 885 3695 Parall.
898 3640 980 3694 xxviii
994 3637 1088 3695 Αίολος
1099 3646 1149 3694 τῶν
1162 3641 1223 3692 κατὰ
1236 3637 1335 3710 Τυῤῥη-

187 3712 242 3765 νίαν
253 3711 380 3777 βασιλεὺς
391 3713 470 3782 ἔσχεν
482 3712 512 3780 έξ
520 3711 664 3781 Ἀμφιθέας
676 3712 817 3781 θυγατέρας
828 3710 857 3777 ἓξ
870 3713 910 3763 καί
921 3709 995 3765 ’ίσους
1008 3709 1122 3780 όῤῥενας·
1142 3709 1276 3778 Μακαρεὺς
1289 3707 1334 3762 δ’ὁ

187 3783 310 3836 νεώτατος
327 3782 402 3851 ἔρωτι
419 3783 524 3852 ἔφθειρε
536 3782 604 3852 μίαν,
617 3780 631 3849 ὴ
645 3781 673 3835 δὲ
685 3782 785 3836 παιδίον
797 3781 913 3848 έκυὴσεν.
942 3778 1057 3850 Ἐμπαις
1068 3778 1135 3834 οὖσα
1148 3781 1176 3833 δὲ
1188 3781 1229 3832 καί
1241 3781 1335 3850 ξίφους

187 3852 350 3922 πεμφθέντος
362 3854 412 3907 ὑπό
430 3856 476 3906 τοῦ
491 3853 587 3922 πατρός
599 3854 678 3921 νόμον
691 3852 807 3921 κρίνασα,
820 3851 910 3919 έαυτὴν
922 3849 1087 3921 διεχρήσατο·
1107 3850 1199 3918 ὁμοίως
1214 3850 1241 3903 δέ
1261 3851 1301 3904 καὶ
1320 3852 1334 3902 ό

188 3921 331 3991 Μακαρέυς·
348 3923 382 3978 ῶς
394 3925 546 3992 Σώστρατος
558 3922 585 3975 έν
594 3920 699 3991 δευτέρᾳ
708 3920 877 3991 Τυῤῥηνικῶν.
924 3928 987 3976 tua.
1009 3923 1090 3990 Prop.
1102 3921 1119 3974 i.
1130 3937 1155 3991 9.
1163 3937 1197 3975 22
1208 3923 1250 3975 Et
1261 3920 1338 3975 nt'ltil

186 3993 278 4046 iratae
285 3996 366 4062 passe
378 4008 480 4064 negare
491 3998 563 4047 tuae.
650 3994 719 4045 563.
737 3996 847 4047 uideas
864 3992 996 4046 infestum
1009 3991 1335 4047 adstantem-exercitum

188 4062 320 4132 hostium,
333 4080 386 4118 nec
399 4063 550 4133 quicquam
563 4061 646 4117 auxili
660 4065 726 4116 Eur.
741 4063 845 4117 Troad.
858 4076 873 4129 7
878 4075 943 4131 52-7
948 4063 988 4131 56.
1033 4067 1097 4116 iam
1114 4080 1178 4116 cum
1191 4067 1334 4116 tenerent

187 4133 360 4188 struendum.
431 4135 576 4188 Qmmae
594 4132 701 4187 incensi
716 4131 759 4185 Ilii
775 4143 926 4204 postquam
944 4135 1034 4186 amnis
1051 4132 1136 4186 bunna
1145 4133 1247 4201 fumat
1258 4133 1335 4201 Nep-

187 4205 272 4257 tunia
288 4205 375 4257 Traia
386 4205 457 4258 Aen.
472 4203 509 4259 iii.
524 4220 548 4272 3.
627 4206 697 4258 564.
716 4206 898 4258 Hectoreus.
930 4203 1034 4257 Troad.
1051 4218 1117 4270 1134
1137 4203 1228 4271 θάψαι
1247 4203 1336 4268 νεκρὸν

186 4271 254 4326 τόνδ’
268 4272 296 4329 δς
306 4275 394 4327 πεσών
406 4273 434 4325 ε’κ
445 4273 550 4342 τειχέων
561 4273 651 4343 Ψυχὴν
662 4272 761 4341 ἀφῆκεν
767 4273 890 4343 Ἕκτορος
903 4277 949 4326 τοῦ
961 4276 1012 4327 σοῦ
1023 4275 1106 4343 γόνος,
1171 4274 1276 4336 patria
1293 4273 1334 4323 ab

188 4359 265 4398 aree.
303 4344 406 4398 Troad.
421 4358 472 4412 779
484 4346 556 4408 βαῖνε
568 4341 691 4414 πατρῴων
703 4341 813 4413 Πύργων
824 4340 865 4398 ἐπ’
877 4343 954 4412 άκρας
966 4344 1106 4409 στεφάνας,
1119 4339 1160 4394 ὅθι
1172 4362 1217 4394 σοι
1230 4343 1335 4405 Πνεῦμα

187 4414 299 4481 μεθεῖναι
311 4414 534 4482 ὴνὴφαςέκράνθη.
570 4430 649 4478 puer
660 4415 814 4482 Astyanax,
824 4414 860 4467 de
873 4430 928 4493 quo
941 4412 1036 4466 iamin
1049 4412 1110 4480 496.
1170 4412 1334 4462 5658551-

188 4487 284 4550 guine
297 4489 413 4549 probra
426 4488 497 4539 luas
511 4483 656 4540 infamiam
668 4482 779 4554 generis
792 4483 891 4539 incesti
904 4483 991 4539 caede
1004 4491 1053 4537 tua
1065 4479 1168 4550 expies,
1181 4489 1211 4533 ut
1223 4477 1333 4533 Adonis
