3038 5010
580 397 926 459 COMMENTARIVS.
1272 402 1326 457 131

181 553 343 623 ἀναιμάκτοις
365 551 443 623 μύσει
467 553 580 623 Στυγνὴν
603 551 715 622 Ἀχαιῶν
738 553 774 608 είς
796 551 893 608 Ἰάονας
917 553 1022 621 βλάβην
1046 556 1175 616 Λεῦσσον,
1199 553 1284 622 φόνον
1306 548 1330 606 τ’

180 626 300 695 ἔμφυλον
311 622 448 695 άγραύλων
460 622 552 691 λύκων,
560 623 641 678 Ὅταν
653 624 735 678 θανὼν
746 624 876 693 λὴταρχος
889 621 979 691 ἱερείας
991 623 1093 693 σκύλαξ
1104 628 1211 688 Πρῶτος
1224 622 1331 694 κελαινῷ

180 698 269 765 βωμὸν
281 696 374 765 αἱμάξῃ
387 697 482 766 βρότῳ.
536 710 620 749 nune
632 711 763 759 quoque.
790 695 882 750 Strab.
895 695 948 761 264
960 695 1062 749 citatus
1075 713 1093 749 a
1107 694 1232 748 Meursio
1244 697 1289 762 τῆς
1302 694 1331 748 δὲ

180 772 231 820 τῶν
242 770 335 837 Τρώων
348 767 473 821 κατοικίας
486 764 534 833 (ad
548 765 643 834 Sirim)
656 765 791 834 τεκμήριον
802 767 934 819 ποιοῦνται
946 767 975 817 τὸ
988 767 1033 831 τῆς
1044 763 1152 834 Ἀθηνᾶς
1164 767 1209 833 τῆς
1219 763 1332 820 Ἰλιάδος

181 837 274 903 ξόανον
293 837 426 907 ἱδρυμένον
443 836 540 902 αύτόθι,
555 835 618 905 ὅπερ
636 840 780 905 καταμύσαι
797 834 952 903 μυθεύουσιν
969 835 1163 900 ἀποσπωμένων
1179 841 1230 890 τῶν
1245 838 1332 890 ἱκετῶν

181 908 231 962 ύπδ
242 907 333 961 Ἰώνων
349 913 400 961 τῶν
411 908 522 960 ἑλόντων
535 906 582 974 τὶην
595 907 692 960 πόλιν.
707 944 734 960 ..
749 906 925 960 δείκνυσθαι
944 907 975 960 δὲ
994 906 1041 960 καὶ
1060 910 1111 961 νῦν
1129 910 1281 974 καταμῦον
1298 909 1333 961 τό

181 978 296 1044 ξόανον.
329 977 418 1046 ἰταμὸν
430 978 476 1043 μὲν
489 975 586 1030 οὖνκαὶ
599 978 628 1029 τό
641 974 706 1030 οὕτω
719 975 845 1046 μυθεύειν,
857 978 926 1030 ὥστε
942 977 976 1045 μὴ
993 981 1137 1046 καταμύσαι
1149 978 1230 1047 φάναι
1243 981 1331 1046 μόνον,

182 1049 295 1118 καθάπερ
314 1050 355 1101 καὶ
372 1050 402 1102 τὸ
420 1049 448 1101 έν
459 1047 528 1119 Ἰλίῳ
544 1047 743 1117 ἀποστραφῆναι
761 1048 823 1100 κατὰ
840 1049 885 1100 τὸν
897 1048 1052 1117 Κασάνδρας
1068 1049 1190 1115 βιασμόν,
1202 1048 1272 1101 ἀλλὰ
1291 1051 1332 1102 καὶ

182 1123 333 1186 κοταμῦον
351 1118 537 1173 δείκνυσθαι.
616 1124 700 1172 tecte
718 1118 867 1185 uelamine,
886 1128 916 1172 ut
936 1117 1074 1186 Minerua,
1094 1136 1158 1172 cum
1177 1118 1205 1172 in
1224 1120 1332 1188 templo

182 1189 242 1243 eius
263 1191 414 1258 Neptunus
441 1190 593 1243 Medusam
616 1188 752 1256 uitiasset,
777 1194 866 1243 castos
891 1189 987 1258 aegzile
1012 1190 1111 1242 uultus
1133 1190 1215 1243 Tenr't
1235 1192 1276 1244 M.
1296 1190 1332 1245 ix.

183 1261 241 1327 798.
283 1261 311 1314 T
307 1267 370 1314 orta
383 1260 459 1329 quod
477 1260 563 1313 habet
582 1259 671 1312 codex
685 1258 860 1312 Turonensis
879 1268 927 1312 aut
946 1258 983 1313 ad
999 1276 1131 1312 euersum
1145 1261 1229 1326 (Stat.
1241 1261 1332 1314 Theb.

182 1329 218 1384 xi.
232 1329 294 1398 313)
314 1330 385 1384 deae
407 1331 514 1384 uultum
535 1331 638 1383 referes
661 1329 733 1383 sicut
754 1329 888 1383 traditum
910 1339 953 1383 est
974 1330 1010 1383 de
1030 1329 1156 1383 Palladio
1178 1347 1242 1383 cum
1264 1332 1332 1384 Cas·

183 1401 316 1454 sandram
329 1401 401 1455 Aiax
414 1401 531 1454 uiolaret
546 1400 638 1454 Strab.
649 1401 709 1466 264,
722 1409 778 1467 aut,
790 1400 865 1469 quod
878 1400 1014 1468 praefero,
1028 1400 1065 1454 ad
1078 1400 1179 1454 faciem
1192 1400 1234 1454 ira
1246 1410 1332 1470 atque

183 1471 249 1525 odio
269 1471 425 1539 distortam,
444 1488 500 1540 quo
516 1488 600 1525 sensu
621 1470 720 1524 Cicero
740 1471 795 1524 off.
811 1470 885 1537 i.36.
901 1485 947 1537 131
969 1469 1037 1524 dicit
1056 1472 1155 1526 uultus
1173 1477 1332 1539 mutantur,

182 1559 234 1595 ore
257 1547 430 1611 torquentur.
557 1544 623 1594 381.
651 1544 788 1594 Threicii
813 1540 961 1594 Diomedis
988 1541 1104 1609 Efferus
1129 1541 1256 1595 humane
1283 1543 1336 1611 qui

182 1613 254 1681 dape
260 1615 349 1682 pauit
359 1630 445 1681 equas
458 1613 525 1665 Her.
540 1610 574 1667 ix.
588 1612 631 1667 68.
702 1615 867 1677 praesepia
880 1613 920 1665 M.
934 1611 969 1665 ix.
986 1624 1032 1679 195
1049 1612 1129 1681 Quid
1136 1629 1199 1664 cum
1217 1614 1244 1666 T
1240 1612 1334 1666 tracis

183 1699 266 1751 equos
286 1683 410 1736 humane
431 1684 570 1752 sangnine
582 1683 707 1752 pingues
723 1683 867 1750 Plenaque
887 1682 1048 1752 cerpen‘bus
1067 1683 1168 1736 luceres
1186 1685 1334 1752 praeseptis

183 1754 271 1807 uniti?
376 1756 446 1808 382.
465 1756 600 1817 dapibus
619 1755 686 1807 suis
705 1751 769 1806 ‘the
789 1762 864 1806 meat
886 1752 917 1805 ol
936 1751 1009 1806 their
1029 1753 1122 1821 body!
1159 1755 1200 1808 M.
1218 1772 1260 1806 xv.
1285 1765 1332 1821 105

185 1824 390 1892 Corporeesque
407 1825 492 1894 dapes
510 1824 627 1877 auzilnrn
644 1823 775 1877 demersit
791 1824 823 1875 in
841 1824 961 1877 alnum:
986 1823 1074 1892 dapes
1093 1832 1157 1877 sunt
1176 1841 1242 1876 caro
1261 1840 1334 1892 quae

184 1893 348 1949 comeditur.
375 1927 378 1939 ·
476 1898 546 1949 383.
570 1896 863 1948 Therodamanteos.
911 1893 1107 1947 Therodamas
1132 1912 1150 1948 a
1175 1894 1334 1948 Scholiasta

185 1963 286 2018 dicitur
303 1982 351 2018 rex
370 1963 399 2018 in
419 1964 508 2032 Libya
528 1964 623 2032 fuisse,
642 1964 689 2033 qui
711 1963 840 2017 homines
861 1963 990 2017 leonibus
1011 1962 1164 2018 obiecerit:
1190 1974 1265 2019 certe
1280 1964 1334 2017 -uix

184 2034 255 2089 alius
274 2044 367 2104 potest
384 2052 447 2089 esse
466 2045 551 2104 atque
568 2035 591 2088 is
609 2035 656 2104 qui
674 2051 738 2088 cum
757 2035 844 2088 Atreo
863 2044 891 2088 et
905 2032 1052 2088 »Diomede
1070 2043 1216 2104 tamquam
1235 2034 1335 2089 crude-

184 2105 307 2158 lissimus
333 2104 510 2173 coniungitur
535 2107 616 2160 Pont.
639 2105 657 2160 i.
679 2120 704 2160 2.
730 2120 779 2172 119
800 2107 867 2158 Non
888 2105 942 2158 tibi
963 2105 1197 2160 Theromedon
1218 2106 1334 2160 crudus·

184 2192 238 2245 que
258 2176 407 2245 rogabitur
422 2177 531 2230 Atreus
550 2176 660 2245 Quique
680 2176 740 2228 suis
758 2176 883 2228 homenes
897 2175 1006 2244 pabule
1017 2175 1090 2245 fecit
1107 2178 1193 2245 equis.
1229 2178 1275 2229 An
1294 2177 1334 2230 le·

185 2245 308 2314 gendum
321 2246 617 2300 Phoenodamenteos?
654 2246 754 2301 Scholi·
764 2247 829 2314 Lyc.
844 2258 894 2315 952
911 2246 1014 2299 Kinkel
1033 2246 1191 2314 Φοινοδάμας
1209 2268 1248 2301 τις
1263 2249 1335 2315 Τρὼς

186 2313 377 2380 συνεβούλευσε
398 2319 452 2371 τοῖς
469 2317 571 2386 Τρωσὶν
588 2316 697 2371 ἐκθεῖναι
715 2316 761 2383 τὴν
777 2315 903 2383 Ἡσιόνην
920 2316 957 2387 τῷ
975 2315 1052 2384 κήτει,
1072 2315 1259 2385 εὐλαβούμενος
1276 2319 1336 2386 περὶ

184 2391 236 2440 τῶν
253 2386 399 2456 θνγατερῶν
416 2387 493 2441 αὐτοῦ
511 2391 562 2440 τῶν
579 2391 656 2454 τριῶν
673 2386 707 2455 μὴ
726 2387 802 2440 αὐτὸς
820 2386 924 2453 ε’κθῶσι,
937 2388 977 2440 καὶ
994 2389 1104 2440 ἔπεισεν·
1124 2389 1139 2439 ό
1156 2387 1184 2439 δέ
1198 2387 1336 2455 Λαομέδων

184 2457 279 2524 μηνίων
291 2460 327 2528 τῷ
340 2457 525 2524 Φοινοδάμαντι
542 2456 620 2510 ἔδωκε
638 2459 684 2512 τὰς
701 2459 770 2526 τρεῖς
787 2458 866 2510 αὐτοῦ
884 2456 1025 2544 θυγατέρας
1043 2456 1153 2524 ναύταις,
1167 2454 1208 2511 ἱνα
1226 2458 1337 2511 ε’κθῶσιν

186 2528 262 2581 αὐτὰς
273 2527 301 2580 έν
313 2527 415 2596 Σικελία
432 2527 530 2596 θηρίοις
545 2528 636 2596 βοράν.
660 2527 701 2580 καὶ
720 2526 812 2580 τούτου
829 2549 967 2597 γενομενου
985 2528 1049 2581 κατὰ
1066 2527 1168 2598 γνωμὴν
1180 2525 1337 2598 Ἀφροδίτης

186 2597 331 2662 ἐσώθησαν.
356 2598 390 2651 ῶν
402 2597 433 2665 τῇ
445 2600 489 2667 μιᾷ
506 2598 633 2653 εἰκασθεὶς
649 2599 703 2651 κυνὶ
718 2600 732 2650 ό
748 2598 895 2665 Κρίμισσος
908 2599 1023 2666 ποταμὸς
1039 2598 1176 2665 συνῆλθεν·
1196 2597 1210 2665 ἡ
1227 2599 1255 2651 δέ
1267 2600 1337 2652 ἔτεκε

185 2669 231 2722 τόν
242 2668 379 2738 Αἱγέστην,
392 2667 420 2723 δς
432 2669 517 2723 ἔκτισε
528 2670 597 2737 τρεῖς
608 2670 697 2723 πόλεις
709 2668 737 2721 έν
746 2667 856 2736 Σικελίᾳ,
866 2669 911 2736 τὴν
923 2667 968 2736 ἀφ’
980 2669 1071 2722 ἑαυτοῦ
1083 2666 1336 2737 Αἷγέσταν,”Ερυκα,

187 2736 313 2792 Στόλλαν·
331 2739 408 2809 ἔγημε
430 2738 457 2791 δὲ
477 2737 552 2793 οὗτος
572 2738 699 2793 Στόλλαν.
743 2738 883 2792 Phoened.
905 2739 996 2793 leones
1015 2739 1140 2808 intellige
1164 2756 1213 2793 eos
1234 2739 1336 2821 quibus

187 2808 404 2862 Phoenodamas
431 2819 487 2863 tres
515 2808 586 2863 filias
610 2809 639 2862 in
660 2808 756 2863 Sicilia
776 2808 923 2878 exposuit:
951 2813 1006 2872 qui
1031 2809 1199 2877 generaliter
1220 2810 1336 2879 dictum,

187 2896 243 2948 quo
256 2879 395 2933 difficilius
408 2879 540 2948 aenigma
552 2890 634 2934 esset.
674 2879 721 2934 Sic
736 2881 813 2933 Men.
826 2879 852 2932 ii.
868 2895 892 2933 2.
906 2892 940 2946 74
958 2881 1106 2933 Vz'demnus
1117 2882 1170 2949 qui
1181 2880 1248 2934 tenc
1260 2897 1336 2951 egre-

185 2951 269 3003 ditur
285 2950 321 3004 de
341 2949 440 3004 Erotio
459 2950 629 3018 muliercula,
651 2952 722 3005 Hec.
739 2949 772 3004 iv.
787 2965 840 3016 3.2
860 2951 942 3018 Vror,
954 2951 1032 3004 Istuc
1049 2956 1090 3003 est
1106 2954 1203 3020 sapere
1220 2953 1273 3019 qui
1289 2951 1339 3004 ubi

186 3037 304 3089 cumque
321 3024 391 3089 opus
408 3022 448 3073 sit
467 3023 596 3074 antinum
612 3022 705 3090 pessis
716 3021 838 3090 flectere,
860 3019 907 3074 ubi
930 3030 1026 3074 tamen
1050 3022 1180 3074 Donatus
1200 3021 1262 3090 ‘qui
1284 3038 1336 3090 pro

187 3092 275 3160 quae!
312 3091 449 3160 (Wagner
466 3092 504 3145 ad
522 3092 574 3146 loc.
595 3092 695 3146 Holtze
715 3093 792 3159 Synt.
813 3090 829 3144 i.
852 3108 897 3160 pp.
913 3104 972 3158 377,
993 3089 1064 3157 378.)
1106 3092 1190 3160 Prop.
1209 3089 1225 3146 i.
1244 3103 1282 3159 15.
1301 3105 1336 3158 34

186 3163 287 3215 Dicere
299 3178 363 3230 quo
371 3165 471 3231 pereas
482 3166 562 3231 saepe
573 3163 605 3214 in
616 3179 711 3215 emere
722 3162 800 3215 leuet
812 3160 860 3214 ‘of
872 3161 1018 3215 indefinite
1030 3161 1152 3229 genden'
1185 3163 1337 3230 Postgatus

187 3232 225 3285 ad
237 3231 306 3285 loc*
408 3235 477 3286 384.
497 3236 675 3286 Thoanteae
694 3233 789 3284 Thoas
809 3249 857 3285 rex
875 3241 966 3285 terrae
984 3231 1122 3285 Tauricae
1140 3248 1261 3301 quornm
1271 3233 1340 3302 suit

186 3303 351 3356 institutum
365 3307 399 3356 ut
410 3304 463 3372 qui
472 3305 626 3373 interfines
637 3319 733 3356 eorum
745 3302 842 3371 hospes
856 3304 977 3355 nenesset
991 3303 1094 3371 temple
1109 3303 1223 3356 Dianae
1240 3305 1337 3355 immo-

187 3373 300 3427 laretur
316 3374 390 3441 Hyg.
408 3388 465 3442 120,
482 3373 557 3427 unde
576 3390 620 3441 ap.
640 3375 706 3427 Eur.
729 3375 750 3426 1.
771 3368 802 3426 T.
818 3374 851 3440 38
872 3372 1020 3441 Iphigenia
1039 3372 1172 3426 sacerdos
1191 3372 1259 3426 dicit
1278 3371 1337 3426 Θόυ

186 3443 246 3512 γάρ,
265 3441 338 3497 ὄντος
354 3446 400 3496 τοῦ
418 3445 497 3511 νόμου
516 3445 557 3496 καὶ
575 3446 635 3513 πρὶν
652 3445 736 3509 πολει,
747 3438 798 3498 ‘Os
814 3443 845 3497 ἂν
863 3442 973 3509 κατέλθη
991 3443 1066 3511 τήνδε
1081 3444 1130 3513 γῆν
1144 3440 1247 3510 Ἕλλην
1265 3442 1338 3512 ἀνήρ.

187 3515 258 3566 385.
276 3516 410 3567 aduersu.
427 3513 480 3568 Od.
500 3513 545 3568 xii.
563 3526 613 3583 235
626 3510 722 3567 ’Ἔνθεν
743 3513 794 3582 γὰρ
810 3511 920 3580 Σκύλλη,
942 3511 1066 3580 ἑτέρωθι
1086 3514 1113 3565 δὲ
1135 3513 1177 3565 δῖα
1198 3513 1338 3582 Χάρυβδις.

187 3585 257 3637 886.
275 3587 440 3638 Dulichiae
452 3584 550 3652 Vlixis,
560 3583 604 3637 cui
616 3583 708 3653 patria
719 3583 890 3652 Dulichium,
900 3583 976 3638 unde
987 3583 1141 3638 Dulichius
1149 3583 1212 3637 dur
1221 3593 1339 3638 uocatur

188 3655 269 3708 Rem.
284 3666 343 3721 272.
380 3658 514 3719 pauidos
532 3656 585 3709 Od.
599 3654 643 3708 xii.
658 3668 709 3721 243
726 3655 786 3708 τοὺς
798 3654 826 3707 δὲ
838 3656 942 3725 χλωρὸν
954 3653 1012 3709 δέος
1022 3652 1087 3723 ᾕρει.
1123 3657 1267 3719 eripuere
1283 3654 1338 3709 Od.

187 3723 233 3778 xii.
253 3736 303 3793 245
323 3727 414 3794 Τόφρα
432 3725 461 3778 δέ
478 3747 521 3793 μοι
540 3723 641 3791 Σκύλλη
661 3726 748 3792 κοίλης
766 3724 794 3777 ἐκ
816 3726 874 3792 νηός
894 3726 1010 3794 ἑταίρους
1023 3724 1074 3792 Ἐξ
1094 3723 1162 3777 ἕλεθ’
1164 3764 1172 3779 .
1269 3729 1340 3782 887.

188 3797 400 3860 Polyphemus
420 3800 456 3850 in
477 3799 585 3850 aluum
607 3794 661 3850 Od.
681 3794 715 3849 ix.
736 3795 788 3863 296
813 3793 931 3864 Κύκλωψ
951 3796 1068 3865 μεγάλην
1088 3793 1242 3864 έμπλὴσατο
1264 3795 1341 3863 νηδὺν

187 3861 330 3933 Ἀνδρόμεα
348 3863 403 3936 κρέ’
420 3868 493 3919 ἔδων.
588 3869 658 3921 388.
683 3869 934 3931 Laestrygoniae.
980 3868 1077 3921 Unum
1095 3883 1130 3920 ex
1148 3865 1232 3920 sociis
1251 3866 1341 3935 Vlixis

189 3934 359 4004 Antiphates
381 3938 605 4006 Laestrygonum
628 3954 677 3990 rex
698 3936 853 4004 deuorauit‚
873 3937 944 3991 alios
969 3937 1089 4006 populus
1115 3937 1340 4006 Laestrygonum

189 4003 300 4060 iniectis
320 4005 460 4076 lapidibus
480 4006 584 4061 occidit
603 4006 789 4076 comeditque.
828 4007 882 4061 Od.
901 4026 927 4062 x.
950 4022 999 4073 124
1016 4006 1102 4076 Ἰχθῦς
1119 4005 1143 4058 δ’
1161 4008 1195 4061 ὣς
1211 4008 1343 4075 πείροντες

189 4074 300 4145 ἀτερπέα
309 4077 383 4130 δαῖτα
392 4078 514 4146 φέροντο.
550 4080 620 4131 389.
628 4081 694 4132 dux
703 4081 837 4131 Poenus.
855 4079 917 4131 Val.
929 4080 1005 4132 Max.
1015 4077 1049 4133 itt.
1058 4077 1084 4131 6.
1093 4093 1109 4131 2
1120 4079 1183 4131 Ext.
1192 4077 1345 4132 Hannibal

189 4147 402 4202 Acerranorum
418 4152 546 4202 senatum
560 4154 641 4203 ertre
659 4150 769 4202 moenia
786 4154 932 4202 enecatum
950 4151 982 4202 in
995 4149 1174 4219 prrrsnndum
1187 4151 1342 4218 puteorum

222 4310 237 4346 *
254 4309 369 4356 Conuenit
384 4309 438 4358 huic
452 4312 577 4358 sententiae
593 4311 655 4372 quod
671 4309 903 4372 adPont.i.n.119
920 4309 1059 4370 adscriptum
1075 4318 1109 4357 est
1127 4309 1150 4356 in
1166 4310 1218 4356 eod.
1231 4310 1341 4360 canonic.

190 4374 244 4422 Lat.
254 4375 272 4422 Ι.
283 4376 415 4423 termodoon
431 4376 458 4437 (l.
477 4376 645 4438 Theromedon)
661 4376 756 4439 quidam
768 4377 872 4423 tirannus
883 4375 933 4434 fuit
949 4377 977 4421 in
994 4375 1093 4422 Sicilia
1110 4377 1149 4436 qui
1166 4374 1267 4422 homines
1282 4375 1344 4420 etta-

190 4441 283 4487 eerabot
303 4450 325 4487 et
345 4441 452 4490 humenis
473 4442 580 4490 cornibus
604 4443 744 4490 uescebatur.
777 4442 839 4488 Nam
857 4441 1066 4489 Phoenodamantis
1082 4441 1143 4487 filiae
1159 4441 1183 4487 in
1200 4439 1273 4488 Sicilia
1291 4439 1343 4486 feris

191 4507 308 4566 expositae
320 4515 380 4554 sunt.

740 4590 791 4630 112
