3038 5010
180 351 241 411 xxii
607 350 933 412 PROLEGOMENA.

225 509 283 568 His
303 510 440 569 omnibus
461 510 613 587 perpensis
628 527 706 586 nego
719 509 786 568 Ibin
801 507 954 585 Hyginum
969 509 1065 568 fuisse.
1108 508 1187 569 Nam
1204 508 1248 590 (1)
1262 510 1333 569 His·

183 609 279 668 panus
300 591 360 661 fuit,
375 609 437 650 non
450 592 611 668 Aegyptius
620 610 628 663 ;
650 591 843 650 Alexandriae
861 601 956 650 autem
975 601 1060 650 natus
1078 590 1144 650 ideo
1165 592 1221 651 dici
1240 593 1335 668 potuit

185 673 265 749 quod
283 672 481 731 Alexandrum
501 672 713 748 Polyhistorem
734 673 868 744 audierat,
891 673 992 731 tralato
1014 674 1053 731 ad
1072 673 1195 749 patriam
1214 674 1334 731 nomine

186 754 384 829 praeceptoris
403 753 512 832 (Bunte
531 753 610 830 Hyg.
626 772 655 830 p.
675 752 714 833 a).
767 752 812 831 (a)
835 752 974 813 Ouidium
997 763 1091 812 aetate
1111 755 1150 812 ita
1171 754 1335 822 antecessit,

185 845 218 893 ut
231 852 291 911 quo
305 844 436 910 tempore
451 836 475 894 is
489 834 556 893 exul
570 834 662 893 Iactus
676 844 728 907 est,
743 835 880 912 Hyginus
897 836 955 893 iam
973 846 1050 894 esset
1065 836 1169 894 senior.
1212 835 1292 893 Nam
1311 834 1335 892 si

186 915 386 974 Alexandrum
397 916 607 992 Polyhistorem
622 916 717 989 audiit,
729 918 778 994 qui
790 916 904 976 Romae
915 916 1009 974 floruit
1021 915 1140 975 Sullae*
1155 917 1336 992 temporibus

186 1006 216 1055 et
229 1006 333 1073 postea
341 994 400 1074 ’(καὶ
417 1000 459 1054 ἐπὶ
472 999 531 1053 τάδε
553 995 665 1076 Suid.);
692 1000 715 1056 si
736 1017 754 1056 a
775 997 921 1056 nonnullis
943 997 1067 1056 creditus
1088 1007 1131 1056 est
1149 1015 1221 1073 puer
1240 996 1335 1055 adhuc
1415 1053 1417 1058 .

187 1077 317 1137 Romam
338 1076 476 1137 aduectus
498 1097 577 1138 anno
598 1075 713 1159 707147
732 1096 792 1156 quo
809 1078 986 1137 Alexandria
1003 1088 1089 1154 capta
1109 1089 1171 1150 est;
1199 1079 1248 1136 uix
1270 1087 1336 1154 post

187 1161 245 1234 697
265 1171 301 1232 57
324 1159 405 1217 nasci
426 1161 527 1235 potuit.
569 1159 608 1217 At
630 1161 659 1217 ui
674 1160 796 1221 Ouidius
817 1169 901 1218 natus
924 1170 967 1218 est
983 1159 1078 1218 Hirtio
1096 1169 1125 1217 et
1144 1159 1241 1218 Pansa
1261 1177 1335 1218 coss

189 1253 244 1313 7ιι
267 1258 322 1314 433
352 1240 430 1299 unde
451 1259 531 1299 anno
554 1179 752 1322 7⁶1b2=8l9
773 1251 841 1317 post
864 1241 919 1300 Ch.
941 1242 1003 1316 ipse
1028 1258 1122 1299 annos
1144 1237 1250 1320 50151,
1273 1239 1337 1316 Hy-

186 1321 272 1395 ginus
287 1322 382 1395 64165
398 1321 532 1381 habuisse
547 1322 696 1398 colligitur.
739 1323 828 1398 Atqui
848 1321 973 1382 Ouidius
992 1340 1060 1380 curn
1078 1322 1173 1380 amico
1193 1339 1229 1380 eo
1249 1338 1337 1398 quem

188 1401 254 1460 Ibin
275 1401 363 1461 fuisse
383 1404 483 1461 omnia
503 1402 631 1462 indicant
648 1401 745 1481 (Pont.
760 1405 794 1462 iv.
812 1424 838 1479 3.
857 1401 1015 1482 12)luerat
1036 1409 1142 1461 uetusta
1156 1404 1251 1462 Paene
1265 1411 1339 1476 puer

180 1493 269 1558 puero
297 1486 407 1542 zanetus
434 1487 567 1543 amicitia.
617 1485 769 1544 Praeterea
794 1485 931 1561 Hyginus
958 1485 1150 1561 paedagogus
1174 1483 1284 1559 Vergili
1307 1483 1339 1540 in

189 1563 341 1640 Georgicis
362 1567 520 1625 scribendis
540 1566 642 1625 dicitur
656 1585 673 1624 a
688 1566 849 1625 Columella
865 1567 883 1624 i.
903 1586 927 1625 1.
946 1585 991 1641 13.
1034 1564 1181 1641 Georgica
1193 1563 1339 1639 Vergilius

187 1646 301 1704 uidetur
310 1647 510 1723 composuisse
524 1660 662 1724 717-724
674 1647 798 1719 A.V.c.,
810 1665 869 1724 quo
880 1658 1012 1723 tempore
1024 1646 1147 1707 Ouidius
1158 1663 1253 1705 annos
1262 1655 1339 1703 aeta·

188 1727 225 1786 tis
239 1737 354 1786 sextum
368 1729 406 1786 ad
421 1729 566 1788 decimum
581 1730 697 1788 tertium
711 1730 822 1805 agebat.
859 1727 905 1808 (3)
917 1727 992 1800 Quis
1007 1726 1104 1787 credat
1116 1727 1276 1803 Hyginum,
1289 1726 1339 1802 qui

188 1817 268 1867 totus
284 1809 315 1866 in
333 1809 431 1868 litteris
453 1812 629 1883 uersabatur,
645 1820 674 1868 et
694 1812 733 1869 ob
755 1810 942 1885 multiplicem
964 1808 1128 1869 doctrinam
1148 1809 1339 1867 bibliothecae

189 1889 337 1948 Palatinae
350 1900 489 1966 praeerat,
501 1891 565 1950 foro
577 1891 783 1950 discurrentem
796 1890 903 1950 Ouidio
914 1890 1092 1950 oblatrasse?
1116 1887 1187 1948 Non
1201 1889 1340 1947 conuenit

189 1971 248 2029 hoc
268 1971 340 2042 uiro,
363 1989 422 2048 quo
443 1990 532 2031 nemo
553 1991 588 2031 ea
609 1981 702 2031 aetate
724 1991 779 2031 nec
799 1973 1025 2045 πολυμαθέστεραι
1045 1971 1098 2029 fuit
1118 1988 1173 2029 nec
1198 1970 1282 2046 plura
1303 1968 1339 2027 de

190 2051 273 2109 omni
292 2069 398 2126 genere
420 2071 515 2110 rerum
536 2052 657 2130 reliquit.
700 2053 976 2112 Commemorantur
995 2053 1057 2111 eius
1075 2061 1188 2129 praeter
1208 2069 1244 2109 ea
1265 2068 1340 2127 quae

191 2140 291 2190 extant
309 2133 373 2194 libri
390 2133 427 2192 de
446 2152 476 2192 re
495 2135 608 2206 rustica,
623 2134 660 2194 de
674 2135 784 2211 apibus,
800 2134 837 2193 de
855 2135 915 2192 uita
933 2135 1079 2210 rebusque
1097 2132 1248 2191 illustrium
1264 2132 1340 2189 uiro-

190 2230 265 2283 rum,
276 2213 428 2290 Exempla,
439 2214 475 2273 de
490 2215 713 2291 proprietatibus
729 2216 860 2285 deorum,
872 2214 908 2273 de
923 2215 977 2273 diis
991 2215 1156 2286 Penatibus,
1167 2215 1203 2272 de
1217 2213 1340 2271 urbibus

192 2294 298 2353 Italicis
317 2304 346 2353 et
366 2294 480 2355 familiis
494 2295 639 2368 Troianis,
654 2297 879 2356 commentarius
895 2296 926 2353 in
940 2295 1039 2354 Heluii
1054 2294 1166 2354 Cinnae
1180 2294 1341 2370 Propemp-

191 2376 272 2435 ticon
283 2376 429 2449 Pollionis,
441 2376 649 2440 Commentarii
663 2379 694 2436 in
703 2378 872 2452 Vergilium.
907 2376 1004 2435 Etiam
1018 2377 1063 2434 ius
1076 2376 1259 2452 pontificium
1273 2393 1342 2434 eum

192 2457 320 2532 attigisse
334 2467 475 2517 testantur
489 2458 562 2518 Gell.
578 2460 633 2517 xvi.
650 2463 736 2532 6.14,
751 2458 882 2517 Macrob.
892 2459 928 2516 vi.
942 2479 969 2534 9.
985 2472 1013 2533 7.
1055 2459 1158 2533 Itaque
1173 2457 1342 2532 saepissime

192 2539 296 2597 citatus
309 2548 354 2598 est
367 2549 397 2598 et
410 2541 448 2598 ab
463 2541 631 2617 aequalibus
646 2550 675 2599 et
689 2559 706 2598 a
720 2540 852 2616 posteris,
867 2539 991 2609 Auieno,
1001 2538 1103 2598 Verrio
1118 2539 1235 2609 Flacco,
1249 2538 1342 2596 Asco-

192 2620 243 2678 nio
264 2619 403 2692 Pediano,
425 2619 595 2694 Columella,
617 2631 680 2680 tum
708 2640 726 2679 a
746 2621 840 2679 Plini0
861 2621 892 2677 in
915 2618 1047 2679 Historia
1072 2619 1212 2690 Naturali,
1235 2618 1342 2689 Gellio,

195 2699 304 2771 Seruio,
329 2701 491 2773 Macrobio,
514 2702 707 2777 Hieronymo,
732 2702 833 2761 Nonio
862 2700 1003 2760 Marcello
1031 2699 1139 2779 (Bnnte
1167 2719 1216 2778 pp.
1240 2697 1341 2777 9-16).

194 2781 266 2840 Non
290 2781 370 2841 hunc
397 2783 428 2840 in
452 2784 517 2842 soro
541 2784 702 2854 latrantem,
728 2801 782 2841 nec
810 2783 918 2842 summi
944 2791 1049 2859 poetae
1074 2801 1109 2841 ac
1134 2781 1344 2840 familiarissimi

193 2862 269 2921 sacta
285 2863 391 2922 camno
413 2864 500 2923 dente
518 2865 711 2931 mordentem,
733 2882 828 2940 neque
849 2865 910 2922 eius
927 2865 1009 2923 uxori
1029 2864 1223 2931 insultantem,
1248 2879 1344 2938 neque

193 2944 337 3020 relliquias
358 2962 449 3021 opum
474 2947 528 3005 sibi
553 2947 773 3022 conquirentem
794 2945 932 3018 uidisses;
963 2945 1015 3004 sed
1040 2957 1089 3005 aut
1112 2946 1143 3002 in
1169 2943 1346 3002 bibliotheca

194 3025 268 3084 inter
288 3032 439 3102 poetarum
462 3037 572 3086 statuas
592 3028 738 3104 legentem
759 3027 1017 3098 exscribentemue,
1040 3036 1089 3085 aut
1110 3033 1264 3084 uacantem
1286 3024 1344 3083 dis-

194 3106 296 3183 cipulis
317 3118 366 3166 aut
387 3126 453 3166 cum
475 3108 563 3168 docto
585 3109 681 3185 aliquo
702 3111 879 3186 loquentem.
930 3107 1035 3185 Neque
1058 3124 1115 3184 ego
1137 3125 1199 3184 non
1223 3123 1345 3183 possum

194 3186 342 3264 Saluagnii
360 3189 530 3267 opinionem
552 3190 654 3262 mirari,
676 3186 839 3266 Hyginum'
854 3190 941 3248 etiam
964 3208 1001 3247 ex
1025 3207 1074 3247 uu.
1103 3208 1149 3263 19,
1173 3207 1210 3246 ιο
1232 3187 1276 3245 Et
1296 3187 1349 3262 qui

192 3270 323 3328 debuerat
340 3270 447 3329 subitas
466 3274 631 3348 extinguere
642 3272 778 3348 flammas
793 3271 854 3329 Hic
869 3272 1004 3346 praedam
1019 3270 1104 3328 medab
1118 3276 1214 3344 raptor
1234 3269 1270 3327 ab
1283 3271 1346 3343 igne

189 3353 261 3427 petit
280 3351 436 3423 elicientis;
466 3353 576 3429 quippe
597 3353 731 3411 libertum
747 3352 873 3428 Augusti
893 3352 967 3410 inter
991 3352 1093 3427 uigiles
1117 3369 1182 3409 esse
1206 3351 1345 3426 potuisse,

195 3433 301 3508 quibus
328 3432 529 3492 incendiorum
557 3451 626 3491 cura
650 3433 808 3492 commissa
835 3442 920 3492 esset.
968 3432 1061 3506 Quasi
1085 3449 1156 3490 uero
1179 3430 1345 3507 praeposito

195 3513 388 3572 bibliothecae
409 3513 555 3572 Palatinae
576 3513 654 3571 idem
676 3524 752 3573 esset
772 3532 879 3572 munus
900 3513 979 3590 quod
1001 3513 1128 3590 uigilum,
1143 3523 1192 3571 aut
1212 3510 1348 3570 incendia

195 3595 384 3669 restinguere,
398 3594 487 3653 libros
502 3612 601 3653 curare
616 3595 666 3653 uni
680 3595 833 3671 eidemque
848 3594 1015 3655 demandari
1030 3603 1139 3670 posset.

237 3673 313 3732 Mihi
334 3693 389 3733 nec
410 3682 498 3750 poe'ta
514 3694 569 3734 nec
588 3675 751 3752 praelectus
772 3675 962 3737 bibliothecae
982 3676 1013 3734 in
1034 3674 1116 3735 Ibide
1138 3675 1282 3750 designari
1304 3672 1346 3731 ui-

196 3755 297 3814 detur:
326 3765 422 3814 orator
442 3757 539 3832 potius
560 3757 607 3815 uel
628 3757 739 3816 delator
757 3757 817 3816 fuit.
868 3757 938 3817 Hoc
958 3742 1087 3816 indicant
1105 3774 1167 3815 non
1187 3756 1282 3815 solum
1300 3754 1348 3811 illa

197 3834 288 3894 Ibidis
316 3854 351 3908 14
376 3835 471 3895 Iactat
490 3844 517 3896 et
538 3839 567 3896 in
591 3844 643 3897 tata
667 3840 779 3896 nemina
804 3846 898 3897 nestra
912 3839 993 3916 sera,
1021 3857 1057 3913 29
1082 3837 1210 3896 Calcastz'
1229 3837 1282 3913 qui
1298 3854 1347 3906 rrae,

197 3917 361 3989 uiolenta,
378 3919 515 3991 tacentem,
533 3939 547 3976 2
552 3922 630 3994 33-6
649 3919 823 3995 Gutturaque
843 3920 992 3978 r'nbuerant
1010 3921 1134 3997 besantr'a
1155 3921 1222 3977 lacte
1241 3918 1348 3986 cantho,

198 3997 260 4057 Hic
273 4001 387 4074 prtinus
400 4002 487 4075 pueri
504 4004 581 4059 uenit
597 4004 627 4058 r'n
645 4021 696 4059 era
713 4002 797 4060 cubus.
818 4001 949 4059 Perbibit
961 4002 1022 4058 rude
1035 4021 1102 4058 suae
1114 4000 1218 4058 rabiem
1232 3998 1349 4057 nutre'ce's

198 4081 338 4151 alumnus,
351 4080 459 4139 Latrat
472 4088 499 4139 et
517 4086 547 4140 in
567 4089 619 4141 tote
639 4083 723 4141 uerba
741 4084 844 4141 canaba
853 4085 934 4162 sore,
955 4082 1006 4140 sed
1024 4081 1112 4140 Trist.
1128 4082 1165 4139 iii.
1184 4100 1229 4139 ιι.
1248 4099 1293 4155 19,
1311 4095 1348 4135 20

199 4161 243 4220 Et
260 4167 347 4219 tamen
365 4167 404 4219 est
422 4164 524 4238 alr'qur’s
538 4166 591 4238 qui
605 4166 724 4221 uulnera
742 4166 831 4222 crua'a
844 4170 977 4234 retractet,
994 4161 1095 4220 Soluat
1108 4164 1175 4219 etin
1190 4181 1277 4219 mares
1291 4177 1350 4219 ora

200 4243 325 4301 diserta
339 4262 416 4315 meos,
439 4263 473 4319 31
495 4244 745 4316 Que'dse'mulacra,
754 4248 858 4323 ferax,
873 4247 953 4302 dr'ctei
967 4246 1079 4302 riuesu's
1092 4245 1225 4302 amaris.)
1245 4262 1270 4300 v.
1287 4245 1314 4299 8.
1331 4258 1348 4314 3

202 4322 279 4396 Quae
286 4324 390 4382 abires
397 4327 503 4383 ane‘rnas
514 4326 682 4403 tremefacit,
692 4327 830 4401 improbe?
845 4346 930 4384 curua
941 4325 1060 4384 Casibus
1068 4327 1194 4397 riuultas,
1204 4329 1350 4400 quospetes

414 4510 419 4518 .
530 4452 544 4486 *
562 4449 622 4498 Sulla
634 4459 738 4498 mortuus
749 4459 783 4498 est
796 4465 857 4498 anno
869 4448 976 4516 676178.
