3038 5010
182 413 240 469 132
585 407 934 471 COMMENTARIVS.

180 566 293 624 abiecit.
330 567 403 636 App.
418 566 487 620 Pun.
501 565 535 634 63
548 562 710 656 'Ayfppa‘ror
727 565 755 619 δὲ
770 565 817 633 τὴν
834 564 933 633 βουλὴν
950 564 978 619 έν
996 563 1120 620 σπονδαῖς
1138 561 1164 618 ε’ς
1181 563 1213 616 τὰ
1230 561 1333 632 φρέατα

181 639 308 701 ἐνέβαλον
321 637 356 706 (oi
370 635 549 706 Καρχηδόνιοι)
563 657 604 690 και
616 637 647 689 τὰ
659 635 760 703 φρέατα
773 636 904 706 ἐνέχωσαν
917 635 1025 703 (Consi.
1040 633 1181 703 Fanens.)
1261 636 1332 688 390.

181 713 264 764 laeto
286 707 389 763 iniecto
410 711 541 772 puluere
561 706 590 761 in
611 706 763 761 ludibrium
782 716 964 775 mortuorum,
986 706 1062 776 quod
1084 715 1143 760 erat
1165 703 1334 759 insolentiae

183 779 315 847 Punicae,
324 778 371 848 qui
380 778 507 847 captiuos
516 778 543 832 ές
550 778 665 845 τάφρους
673 778 713 830 καὶ
721 777 851 845 ποταμοὺς
858 778 1014 846 ἐμβαλόντες
1023 777 1057 832 ὡς
1063 774 1188 846 γεφύραις
1196 775 1335 837 ἐπέβαινον

182 852 256 919 App.
272 851 340 903 Pun.
354 849 388 916 63
403 848 495 915 (Laur.
509 847 692 915 Abstemius).
729 847 850 902 Videtur
864 847 1021 916 respexisse
1034 848 1089 900 hoc
1102 845 1210 900 lacinus
1224 847 1335 900 Seneca

184 921 220 975 de
233 922 278 974 Ira
286 918 314 973 ii.
325 919 539 988 5Hannibalem
546 920 631 972 aiunt
639 919 744 973 damase
751 936 815 974 cum
815 919 926 988 fossam
935 920 1074 986 sanguine
1084 917 1209 970 humano
1216 917 1335 986 plenum

182 991 307 1058 uidisset,
323 989 348 1044 0
352 990 513 1059 formosum
525 989 721 1059 spectaculum.
800 992 866 1043 391.
886 992 946 1042 Sex
957 993 1008 1043 bis
1020 991 1156 1042 famulae
1171 989 1211 1041 M.
1225 986 1259 1040 iv.
1274 1000 1334 1039 220.

184 1061 241 1116 Od.
251 1059 313 1113 xxii.
325 1074 378 1126 424
389 1060 462 1112 Τάων
473 1058 600 1127 (δμωάων)
611 1059 725 1112 δώδεκα
736 1061 819 1114 πᾶσαι
831 1058 956 1126 ἀναιδείης
969 1056 1109 1126 ε’πέβησαν.
1139 1059 1235 1111 Potest
1248 1055 1336 1111 etiam

184 1131 222 1186 ad
237 1133 326 1195 proci
340 1129 434 1185 referri
452 1146 508 1184 sex
523 1132 582 1194 bis,
596 1129 619 1183 si
636 1147 686 1184 eos
703 1129 843 1198 intelligas
861 1127 907 1199 qui
925 1139 1005 1183 erant
1017 1126 1064 1195 Ἐξ
1076 1128 1154 1195 αὐτῆς
1164 1126 1264 1192 Ἰθάκης
1277 1126 1337 1179 δυο-

184 1201 288 1255 καίδεκα
302 1200 395 1256 πάντες
411 1199 521 1270 ἄρισται,
535 1216 707 1270 quamquam
722 1209 797 1255 totus
813 1217 946 1254 numerus
964 1210 1077 1255 centum
1095 1208 1123 1253 et
1136 1208 1200 1253 octo
1215 1197 1266 1252 fuit
1281 1196 1336 1252 Od.

184 1271 237 1326 xvi.
253 1283 382 1339 247-251.
454 1273 602 1325 Icaridos
642 1271 782 1339 Penelope
801 1270 858 1324 filia
879 1269 968 1324 Icarii.
1076 1272 1146 1323 392.
1168 1272 1223 1333 qut
1240 1271 1338 1322 debet

185 1358 274 1397 arma
296 1340 469 1396 Melanthius
491 1341 544 1395 Οὰ
564 1340 627 1395 xxii.
649 1355 698 1408 143
715 1337 810 1394 ’Βνθεν
828 1340 925 1394 δώδεκα
948 1341 995 1409 μὲν
1013 1336 1083 1394 σάκε’
1101 1340 1183 1408 ἔξελε,
1201 1341 1289 1393 τόσσα
1309 1338 1354 1405 δὲ,

185 1413 266 1483 δοῦρα
285 1413 334 1465 Καὶ
354 1415 454 1466 τόσσας
476 1411 564 1467 κυνέας
584 1410 729 1482 χαλκήρεας
751 1411 927 1464 ἱπποδασείας.
950 1413 986 1478 Βῖη
1005 1410 1028 1463 δ’
1045 1408 1136 1479 ἴμεναι,
1155 1411 1225 1476 μάλα
1244 1407 1266 1461 δ’
1286 1407 1339 1462 ὦκα

185 1484 275 1553 φέρων
287 1484 448 1551 μνηστῆρσιν
460 1481 558 1536 ἔδωκεν.
667 1485 734 1535 393.
752 1485 834 1535 iacet
849 1491 880 1535 ut
894 1481 975 1535 habet
987 1495 1047 1549 344.
1083 1483 1186 1535 Aonio
1200 1479 1337 1534 Boeotio:

84 1618 90 1629 ¹
185 1570 255 1608 nam
266 1553 404 1607 Hercules
417 1552 578 1606 Thebanus.
617 1551 778 1606 SicAaniis
791 1552 889 1605 Thebis
903 1554 942 1606 M.
953 1551 999 1606 vii.
1010 1552 1062 1619 763
1072 1550 1238 1621 (Saluagn.)
1274 1554 1340 1604 luo·

187 1630 273 1678 tator
282 1624 416 1676 Antaeus.
453 1623 579 1687 hospite
590 1623 727 1677 Hercules
737 1640 772 1677 ex
781 1622 901 1677 Graecia
909 1621 937 1675 in
947 1622 1065 1690 Libyam
1074 1631 1197 1676 uenerat.
1226 1623 1291 1675 Luc.
1303 1620 1338 1675 iv.

187 1695 239 1748 612
253 1695 307 1748 llle
319 1693 450 1748 Cleonaei
459 1695 581 1763 proiecit
591 1698 672 1763 terga
688 1694 783 1761 leonis,
799 1693 930 1747 Antaeus
945 1693 1050 1762 Libyci.
1068 1693 1202 1762 Perfudit
1217 1691 1341 1745 nnmbra

187 1765 298 1834 liquore
311 1764 453 1832 Hospes,
469 1763 648 1844 Olympiacae
658 1770 771 1817 seruato
785 1780 861 1818 more
872 1764 1040 1833 palaestrae.
1136 1765 1206 1817 394.
1224 1766 1341 1816 miram

189 1834 366 1889 interiectum
379 1844 409 1887 ut
423 1836 463 1887 M.
477 1834 522 1888 vii.
534 1847 593 1903 790,
607 1833 641 1888 xi.
656 1845 696 1902 51,
711 1836 743 1889 F.
753 1833 779 1888 ii.
790 1848 850 1901 413.
883 1833 931 1888 Sic
943 1835 1094 1903 indignum
1108 1835 1147 1887 M.
1161 1851 1187 1887 v.
1198 1845 1239 1901 37.
1277 1835 1341 1885 uie-

188 1912 249 1969 tor,
265 1921 337 1958 oum
355 1908 525 1973 cecidisset,
543 1922 610 1958 narn
628 1914 705 1959 tacto
724 1905 784 1958 solo
803 1905 888 1959 fiebat
906 1904 1032 1959 ualidior.
1071 1905 1137 1958 Luc.
1156 1903 1191 1957 iv.
1212 1903 1261 1972 598
1278 1903 1344 1956 Hoc

188 1992 298 2046 quoque
317 1980 496 2029 tam·nastas
513 1975 674 2030 cumulauit
692 1976 787 2029 robore
805 1976 881 2028 uires
903 1976 991 2028 Terra
1012 1976 1061 2028 sui
1070 1975 1159 2042 fetus,
1177 1974 1342 2044 quodcum

188 2048 304 2116 tetigere
312 2049 467 2114 parentem,
480 2046 544 2098 Iam
555 2046 659 2113 defecta
671 2047 771 2168 nipent
781 2051 916 2099 renouato
928 2046 1023 2099 robore
1037 2046 1168 2099 membru.
1272 2047 1341 2098 395.

190 2131 332 2182 pressere
344 2132 441 2169 secum
453 2117 601 2169 luctantes.
628 2117 703 2185 Apol
714 2116 758 2170 od.
773 2115 799 2170 ii.
816 2127 838 2184 5.
856 2130 883 2169 11
898 2115 990 2183 ταύτης
1002 2115 1121 2183 (Λιβύης)
1133 2115 1271 2179 thaadaor
1283 2115 1344 2168 ταῖς

191 2187 355 2240 Ποσειδῶνος
366 2183 490 2252 Ἀνταῖος,
503 2184 531 2241 ὃς
543 2186 602 2240 τοὺς
614 2186 702 2255 ξένους
714 2185 860 2257 ἀναγκάζων
870 2186 991 2240 παλαίειν
1002 2185 1096 2252 diripit.
1166 2188 1236 2239 396.
1253 2188 1343 2241 Item-

192 2261 248 2311 nia
259 2260 361 2310 turbs.
399 2256 482 2309 Vnde
495 2256 542 2310 hic
553 2256 743 2311 Lemniades?
780 2258 881 2310 Cetera
894 2256 970 2310 enim
983 2256 1055 2310 serie
1071 2273 1164 2311 rerum
1181 2257 1343 2322 cohaerent,

193 2328 266 2381 sicut
289 2326 317 2379 in
336 2326 465 2395 Apollod.
486 2326 512 2380 ii.
535 2339 556 2395 5.
580 2341 619 2395 11,
638 2328 765 2381 Antaeus
785 2325 921 2381 Thrasius
942 2326 1058 2394 Busiris,
1078 2344 1095 2381 a
1117 2342 1173 2396 quo
1197 2324 1287 2380 facilis
1312 2325 1344 2380 fit

192 2396 329 2452 transitus
346 2396 384 2450 ad
402 2395 577 2451 Diomeden:
600 2398 646 2451 uel
667 2407 696 2451 ut
714 2398 781 2452 Her.
802 2396 836 2450 ix.
855 2397 942 2464 67-74
961 2396 1168 2466 coniunguntur
1187 2395 1344 2450 Diomedes

195 2466 304 2522 Busiris
317 2469 453 2521 Antaeus.
478 2470 563 2521 ferae
575 2471 671 2522 morti
685 2469 758 2536 Hyg.
777 2479 806 2536 15
819 2468 856 2521 In
872 2469 969 2521 insula
980 2467 1087 2521 Lemno
1099 2468 1229 2521 mulieres
1246 2466 1348 2520 Veneri

193 2556 276 2593 sacra
293 2538 403 2606 aliquot
420 2554 509 2591 annos
525 2554 582 2591 non
592 2539 729 2607 fecerunt,
741 2540 823 2592 cuius
838 2540 884 2592 ira
901 2539 963 2592 uiri
978 2555 1077 2591 earum
1094 2538 1227 2591 Thressas
1243 2553 1346 2591 uxores

195 2610 343 2664 duxerunt
353 2613 382 2662 et
387 2609 500 2677 priores
513 2612 688 2678 spreuerunt.
726 2614 757 2662 at
774 2609 941 2662 Lemniades
955 2610 1076 2663 eiusdem
1100 2610 1212 2663 Veneris
1227 2608 1346 2678 inpulsu

194 2680 365 2745 coniuratas,
383 2694 476 2748 genus
499 2679 629 2732 aaronem
653 2695 740 2746 omne,
760 2679 896 2747 quodibi
917 2685 986 2747 mat,
1007 2679 1212 2748 interfecerunt,
1229 2683 1349 2750 praeter

193 2750 381 2819 Hypsipylen,
394 2766 466 2818 quae
472 2753 586 2819 patrem
597 2766 681 2803 suum
695 2749 848 2803 Thoantem
860 2749 933 2803 clam
945 2752 976 2803 in
989 2767 1091 2803 nauem
1103 2751 1236 2819 inposuit.
1264 2765 1347 2818 quem

195 2821 385 2890 tempestasin
394 2820 520 2873 insulam
532 2820 559 2872 T
555 2822 683 2873 aum'cam
692 2820 802 2875 detulit.
874 2823 942 2876 397.
959 2824 1170 2886 postlongum
1182 2829 1247 2890 post
1256 2836 1347 2873 annos

195 2907 307 2944 nouem.
339 2891 372 2943 A
387 2891 421 2944 A.
434 2889 450 2943 i.
462 2890 513 2957 647
526 2891 646 2944 Dicitur
655 2890 803 2962 Aegyptus
813 2892 936 2944 comtissa
947 2892 1114 2945 iuuantibus
1125 2908 1199 2944 amia
1207 2890 1349 2944 Imbribus

197 2967 282 3030 atque
296 2976 386 3014 annos
402 2961 474 3014 si'cea
480 2962 575 3029 fuisse
591 2978 698 3015 nouem.
737 2962 808 3015 Cum
825 2960 963 3014 Thrasius
976 2963 1098 3015 Busirin
1113 2962 1182 3030 adit,
1195 2966 1347 3015 monstrat-

196 3049 251 3102 que
263 3032 348 3100 piari
358 3031 490 3100 Hospitis
506 3032 592 3100 effuso
607 3032 746 3102 sanguine
760 3035 841 3101 posse
852 3032 955 3085 Iouem.
993 3033 1047 3086 Illi
1055 3033 1178 3100 Busiris,
1191 3032 1257 3086 Fies
1269 3032 1350 3085 Iouis

196 3102 290 3158 hostia
303 3103 426 3181 primus,
440 3102 547 3171 Inquit,
559 3107 587 3156 et
598 3101 727 3172 Aegypto
739 3108 772 3157 tu
783 3103 863 3157 dabe's
874 3102 971 3172 hospes
982 3120 1094 3172 aquam.
1127 3101 1236 3157 Callim.
1249 3101 1281 3156 fr.
1299 3103 1348 3156 182

199 3172 356 3226 Schneider
364 3169 493 3242 Αἴγυπτος
499 3173 673 3242 προπάροιθεν
683 3169 722 3226 ἐπ’
731 3172 804 3226 ε’ννέα
813 3173 927 3242 κάρφετο
935 3174 1019 3228 ποίας.
1038 3172 1184 3227 claudian.
1192 3172 1221 3227 in
1230 3174 1349 3242 Eutrop.

198 3241 216 3297 i.
232 3243 350 3311 159-162
369 3243 420 3296 Sic
437 3242 540 3297 multos
550 3243 650 3312 fluuio
670 3248 749 3296 natm
766 3248 863 3297 arente
879 3247 937 3313 per
952 3261 1048 3311 annos,
1067 3244 1188 3313 Hospite
1205 3244 1259 3312 qui
1273 3259 1351 3298 caeso

197 3314 311 3367 monuit
325 3313 443 3383 placare
465 3314 627 3381 Tonantem,
646 3314 784 3367 Inuentas
799 3315 915 3383 primm
932 3315 1079 3369 Busiridis
1099 3315 1201 3368 imbuit
1220 3331 1288 3368 aras
1308 3314 1353 3368 Et

200 3384 299 3440 cecidit
321 3385 408 3451 saeui,
432 3385 510 3452 quad
529 3385 650 3451 dixerat,
675 3383 768 3438 hostia
792 3386 873 3438 sacri.
946 3389 1029 3439 seori
1052 3390 1222 3439 mostratur
1245 3387 1350 3448 iniqui

199 3453 335 3513 Phrasius
349 3454 490 3523 (Apollod.
504 3453 531 3509 ii.
548 3467 569 3523 5.
587 3455 629 3521 11)
643 3453 703 3509 siue
720 3464 751 3508 ut
767 3463 810 3509 est
828 3471 872 3524 ap.
888 3456 963 3524 Hyg.
979 3456 1012 3524 56
1030 3466 1058 3510 et
1073 3454 1156 3510 Ouid
1171 3457 1204 3509 A.
1218 3457 1252 3509 A
1266 3453 1283 3508 i.
1297 3455 1349 3521 647

200 3523 347 3579 Thrasius.
386 3525 460 3578 Rem
484 3524 525 3579 sic
549 3535 644 3579 narrat
669 3525 799 3594 Apollod.
819 3524 845 3579 ii.
869 3538 890 3594 5.
907 3541 936 3579 ιι
961 3526 1034 3580 Μετὰ
1056 3524 1154 3593 Λιβύην
1173 3525 1201 3578 δὲ
1221 3522 1352 3596 Αἴγυπτον

125 3621 132 3632 ⁸
199 3593 304 3662 διεξῄει.
326 3594 419 3662 ταύτης
439 3594 576 3658 ε’βασθιευε
596 3593 718 3664 Βούσιρις
736 3595 932 3650 Ποσειδῶνος
951 3599 1021 3651 παῖς
1041 3597 1082 3650 καὶ
1102 3596 1286 3663 Λυσιανάσσης
1307 3597 1353 3662 τῆς

201 3665 329 3734 Ἐπάφου.
356 3662 430 3719 οὗτος
445 3664 505 3720 τοὺς
522 3665 610 3731 ξένους
626 3665 698 3719 ἔθυεν
712 3666 755 3718 ε’πί
770 3667 851 3738 βωμῷ
869 3667 930 3721 Διὸς
947 3666 1010 3720 κατά
1027 3688 1052 3720 τι
1069 3669 1169 3737 λόγιον·
1196 3666 1282 3720 ε’ννέα
1300 3667 1352 3736 γὰρ

200 3736 252 3802 Ιέτη
274 3734 388 3805 ἀφορία
408 3734 461 3802 τὴν
481 3732 635 3805 Αἴγυπτον
659 3736 817 3802 κατέλαβε,
839 3737 975 3807 Φράσιος
997 3737 1025 3790 δὲ
1046 3738 1144 3791 ἐλθὼν
1164 3737 1197 3790 ἐκ
1218 3734 1352 3806 Κάπρου,

201 3804 307 3874 μάντις
325 3805 377 3872 τὴν
394 3804 572 3873 ἐπιστήμην,
585 3806 644 3875 ἔφη
661 3806 716 3873 τὴν
731 3805 867 3877 άφορίαν
881 3805 1071 3870 παύσασθαι,
1084 3807 1136 3861 ἐὰν
1151 3807 1241 3874 ξένον
1257 3806 1354 3877 ἄνδρα

201 3875 242 3946 τηῖ
261 3875 311 3929 Διὶ
329 3875 477 3944 σφάξωσι
495 3876 558 3929 κατ’
575 3876 652 3932 ἔτος.
689 3875 769 3930 Βοάσι
787 3899 810 3932 ις
824 3877 852 3930 δὲ
867 3877 963 3932 ε’κείνον
973 3883 1076 3946 πρῶτον
1088 3878 1196 3946 σφάξας
1206 3879 1252 3932 τὸν
1263 3878 1354 3946 μάντιν

202 3945 262 4000 τοὺς
274 3947 404 3999 κατιόντας
416 3943 504 4013 ξένους
515 3945 623 4015 ἔσφαζε.
649 3947 759 4016 συλληφ
776 3948 812 4002 εὶς
828 3946 924 4002 οὖνκαὶ
937 3946 1069 4017 Ἡρακλῆς
1084 3951 1138 4003 τοῖς
1153 3950 1252 4015 βωμοῖς
1266 3969 1355 4015 προσ·
1374 4009 1377 4017 ,

202 4015 321 4086 εφέρετο,
328 4015 360 4069 τὰ
369 4015 398 4068 δὲ
408 4015 490 4083 δεσμά
500 4015 638 4098 διαρρήξας
646 4020 691 4070 τόν
699 4039 727 4070 τε
737 4016 858 4086 Βούσιριν
865 4018 906 4072 καὶ
914 4018 1062 4073 τδνέκείνου
1071 4018 1149 4072 παῖδα
1156 4015 1357 4088 Ἀμφιδάμαντα

203 4086 305 4142 ἔκτεινε.
342 4086 453 4140 Eadem
474 4087 605 4156 Hyginus
625 4088 666 4156 56,
686 4105 704 4141 a
722 4104 778 4158 quo
800 4088 935 4143 Thrasius
958 4088 1141 4158 Pigmalionis
1161 4089 1242 4156 filius,
1261 4088 1355 4144 fratris

199 4155 352 4224 Busiridis,
366 4157 528 4225 appellatur.
568 4159 705 4212 Canterus
717 4159 765 4228 (ad
776 4160 840 4228 Lyc.
853 4159 913 4228 158)
922 4161 1015 4214 locum
1028 4159 1162 4214 intellexit
1176 4159 1212 4214 de
1226 4159 1357 4228 Molpide

206 4228 278 4280 Eleo
292 4226 348 4294 (τοῦ
361 4229 420 4293 Ζηνὶ
432 4227 623 4295 δαιτρευθέντος
634 4227 750 4299 Ὀμβρίῳ
767 4228 845 4297 δέμας
864 4232 931 4298 Lyc.
947 4229 1006 4299 159)
1020 4230 1067 4300 qui
1084 4240 1114 4284 ut
1131 4230 1236 4284 famem
1255 4247 1355 4299 procu·

204 4308 279 4353 raret
292 4314 348 4367 qua
361 4296 421 4357 Elis
434 4299 614 4366 premebatur
630 4299 690 4368 ipse
706 4316 737 4354 se
754 4317 789 4354 ex
805 4302 918 4355 oraculo
930 4300 1134 4355 immolandum
1149 4299 1287 4370 praebuit,
1300 4317 1358 4370 quo

204 4369 281 4423 facto
291 4368 382 4423 εὐθέως
392 4367 487 4439 ε’ρράγη
497 4369 576 4424 ὑετός·
596 4370 620 4421 οῖ
629 4370 657 4423 δὲ
666 4368 768 4423 Ἠλεῖοι
780 4371 905 4438 ε’ποίησαν
914 4369 1039 4439 Ὀμβρίου
1049 4373 1110 4426 Διὸς
1123 4372 1198 4440 ἱερὸν,
1211 4371 1240 4424 ἐν
1251 4366 1272 4441 ᾦ
1285 4371 1359 4424 ε’στιν

205 4439 523 4508 ἀνδριὰςτοῦΜόλπιδος.
559 4440 665 4509 (Schol.
680 4439 842 4495 Marcianus
855 4441 893 4495 ad
906 4443 972 4509 Lyc.
989 4442 1058 4510 159.)
1136 4445 1206 4496 398.
1223 4445 1359 4496 uictima

205 4526 316 4567 anesus
334 4525 385 4580 pro
403 4507 527 4567 uictima.
564 4512 639 4582 Hyg.
652 4511 684 4582 56
697 4511 732 4568 de
746 4511 865 4569 Thrasio
873 4512 1114 4583 promissisfidem
1127 4511 1199 4582 ipse
1211 4511 1359 4570 immola·
