3038 5010
539 409 867 472 PROLEGOMENA.
1219 415 1279 477 xlix

120 610 122 614 .
168 568 261 629 Moris
282 578 343 629 erat
363 568 546 629 sacerdotum
565 568 647 627 humi
666 568 801 640 dormire,
817 569 910 644 capite
924 569 955 627 in
972 587 1059 628 auem
1079 570 1210 647 ligneum
1230 572 1278 630 uel

128 650 250 710 durioris
264 649 371 726 aliquid
385 650 521 710 materiae
539 650 640 708 InnIxo
655 647 755 728 (Willr.
770 650 788 708 i.
808 667 836 725 p.
857 647 935 727 186).
977 650 1049 711 Hoc
1069 652 1107 710 ad
1127 652 1277 712 inImIcum

126 749 213 791 suum
224 731 348 793 Ouidius
363 732 403 790 sic
417 731 559 792 transtulit
571 741 603 790 ut
616 730 794 790 Eumenides
808 731 915 790 faceret
928 732 1045 792 infantis
1060 743 1147 809 caput
1160 734 1191 791 in
1206 752 1277 793 saxo

126 812 283 873 fulcientes.

167 895 195 953 ii.
217 894 420 955 Obseruabant
437 895 574 971 Aegyptii
594 894 810 971 diligentissime
828 895 984 970 genituras
1000 913 1060 971 quo
1079 897 1201 972 quisque
1221 896 1277 967 die,

88 984 96 997 ·
127 993 185 1052 qua
205 974 278 1035 hora
297 977 328 1035 in
347 976 445 1035 lucem
464 976 558 1036 editus
578 975 685 1035 fuisset.
728 974 843 1036 Herod.
856 976 884 1036 ii.
899 980 946 1034 82.
990 977 1031 1036 At
1050 977 1082 1038 in
1102 977 1185 1037 Ibide
1207 977 1277 1036 nihil

125 1057 267 1134 insignius
281 1058 342 1117 istis
358 1076 415 1132 209
431 1075 495 1134 sqq.

249 1138 343 1198 Natus
364 1157 395 1198 es
415 1138 595 1198 infelix-ita
616 1136 645 1196 di
665 1140 881 1198 uoluere-nec
903 1139 960 1199 ulla

289 1220 457 1280 Commoda
477 1219 607 1279 nascenti
627 1220 708 1279 stella
728 1220 837 1279 leuisue
858 1219 919 1279 fuit.

248 1300 320 1361 Non
341 1301 444 1360 Venus
465 1301 564 1372 illuxit,
586 1318 647 1359 non
668 1301 716 1360 illa
737 1301 845 1378 Iupiter
866 1301 947 1373 hora,

289 1382 432 1458 Lunaque
453 1401 514 1441 non
535 1393 605 1458 apto
626 1383 728 1460 solque
750 1381 830 1441 fuere
850 1381 926 1442 loco.

248 1463 313 1523 Nec
334 1465 402 1523 satis
423 1464 526 1523 utiliter
546 1464 658 1539 positos
679 1463 731 1523 tibi
751 1464 884 1539 praebuit
903 1464 986 1540 ignes

289 1544 388 1618 Quem
406 1545 518 1622 peperit
538 1562 647 1621 magno
667 1544 764 1605 lucida
784 1543 865 1604 Maia
885 1545 958 1604 Ioui.

248 1625 294 1686 Te
316 1627 384 1698 fera,
407 1627 638 1703 necquicquam
659 1625 805 1702 placidum
825 1626 1001 1702 spondentia
1022 1626 1124 1687 Martis

289 1707 390 1767 Sidera
410 1717 584 1784 presserunt,
606 1707 780 1783 falciferique
800 1708 885 1766 senIs.

247 1789 313 1849 Lux
334 1807 452 1866 quoque
473 1789 584 1859 natalis
606 1806 643 1847 ne
665 1789 735 1865 quid
755 1789 809 1847 nisi
830 1789 908 1847 triste
929 1789 1050 1861 uideres

289 1870 398 1946 Turpis
419 1879 448 1930 et
468 1869 594 1930 inductis
614 1871 740 1930 nubibus
760 1880 821 1929 atra
841 1870 901 1929 fuit.

95 1945 98 1949 ’
166 1949 239 2011 Dies
253 1951 340 2011 etiam
355 1962 504 2028 tamquam
525 1969 684 2028 prosperos
704 1961 753 2010 aut
773 1951 970 2028 improsperos
984 1952 1125 2012 notabant
1142 1951 1278 2033 (Renouf

126 2031 264 2108 Religion
285 2032 321 2092 os
336 2032 464 2092 Ancient
483 2031 582 2109 Egypt
602 2052 631 2109 p.
650 2030 737 2111 157):
765 2032 801 2092 cf.
823 2034 868 2092 Ib.
884 2051 951 2108 219,
968 2052 1036 2092 220.
1086 2032 1275 2113 Aderantque

125 2114 256 2173 nascenti
269 2115 361 2174 cuiuIs
375 2114 448 2174 deae
462 2113 607 2190 quaedam
623 2113 681 2174 fata
694 2114 898 2190 praefinientes
913 2113 1048 2193 (Renouf
1066 2134 1096 2191 p.
1108 2113 1186 2194 161),
1201 2117 1275 2177 sicut

124 2205 295 2255 nascentem
309 2196 375 2254 Ibin
390 2195 550 2271 suscipiunt
563 2194 750 2267 EumenIdes‚
765 2194 967 2272 infelicemque
986 2197 1182 2273 praesignant,
1201 2209 1274 2260 cou-

122 2276 257 2336 firmante
271 2277 380 2336 Clotho
394 2294 470 2352 quae
483 2276 514 2335 in
528 2276 593 2336 satis
607 2285 767 2353 posuerunt
780 2286 809 2336 et
822 2285 884 2336 rata
896 2276 1029 2337 facIente
1264 2295 1265 2299 ¹

165 2358 202 2416 iii.
244 2358 284 2416 At
304 2358 356 2418 tibi
377 2358 493 2418 calcasti
514 2358 563 2435 qui
584 2375 641 2430 me,
663 2358 799 2428 uiolent,e
762 2358 972 2417 tiacentem.

166 2438 308 2516 Saepius'
300 2458 332 2497 1n
346 2439 499 2516 sculpturis
512 2439 724 2516 Aegyptiomm
738 2439 795 2498 hoc
808 2440 934 2511 recurrit,
950 2448 981 2499 ut
995 2439 1088 2500 uictor
1101 2440 1132 2500 in
1146 2440 1274 2501 hostium

124 2530 334 2596 prostratorum
345 2519 421 2580 collo
436 2520 564 2616 pedem'
556 2529 687 2596 rnponat,
702 2521 806 2597 quibus
821 2529 970 2615 tamquam
985 2523 1161 2617 ὑποποδίῳ
1129 2525 1274 2581 τωνποδῶν

124 2610 227 2739 ptatup.
270 2601 489 2679 (Willdnsonm
462 2621 499 2660 111.
521 2621 549 2687 p.
566 2621 623 2677 403
646 2601 696 2660 ubi
718 2601 816 2662 tabula
838 2602 916 2677 picta
941 2603 1025 2662 huius
1049 2603 1090 2662 rei
1114 2603 1274 2681 imaginem

135 2692 185 2743 ert.

163 2681 200 2822 iv)
242 2765 278 2824 ln
298 2763 364 2824 loca
384 2765 421 2823 ab
442 2764 546 2841 Elysiis
567 2764 681 2823 diuersa
700 2763 838 2840 fugabere
859 2765 978 2840 campIs.

288 2845 428 2923 Quasque
450 2855 529 2904 tenet
550 2846 634 2904 sedes
655 2846 745 2904 noxia
765 2845 856 2917 turba,
879 2846 965 2905 coles.

164 2925 328 3003 Elysiorum
350 2945 522 3003 camporum
543 2927 633 2987 rarior
652 2927 763 2985 mentio
783 2927 863 3003 apud
883 2928 1028 3003 antiquos,
1047 2945 1144 3004 neque
1164 2927 1221 3000 hic,
1240 2938 1273 2988 ut

123 3006 244 3080 uidetur,
268 3017 455 3084 prouentura,
479 3008 534 3066 nisi
562 3008 706 3084 siugulare
735 3007 805 3085 quid
829 3009 967 3067 subesset.
1019 3007 1159 3084 Respexit
1183 3009 1271 3068 credo

122 3087 334 3165 Aegyptiorum
355 3108 454 3162 sacra;
475 3107 545 3149 nam
566 3099 595 3148 et
615 3089 659 3148 hIs
673 3087 759 3148 Auru
774 3090 834 3148 siue
848 3089 928 3147 Aalu
946 3089 1104 3166 Imaginem
1123 3090 1272 3165 quandam

122 3167 286 3246 Elysiorum
301 3188 472 3247 camporum
487 3170 637 3231 referebat.
679 3171 715 3228 In
729 3170 787 3229 hoc
801 3187 873 3245 agro
888 3181 1018 3246 segetem
1032 3170 1128 3230 colere
1142 3169 1273 3230 defuncti

123 3250 183 3310 uita
205 3251 411 3323 credebantu13
441 3251 708 3328 circumdatumque
731 3251 831 3310 habuit
855 3251 908 3309 sibi
932 3269 1048 3310 murum
1072 3270 1109 3310 ex
1133 3250 1219 3322 ferr0,
1240 3252 1272 3310 in

123 3349 182 3408 quo
207 3333 315 3392 multae
339 3343 456 3409 portae3
489 3332 649 3409 perfluebat
676 3343 774 3391 autem
802 3332 896 3391 amnis
920 3333 1055 3391 diductus
1079 3330 1271 3391 multifariam.

123 3411 183 3472 Sed
206 3423 236 3474 et
257 3414 399 3490 Apuleius
422 3415 473 3472 ubi
497 3414 585 3474 sacris
610 3414 669 3472 suis
690 3414 800 3473 initiato
822 3413 883 3472 Isin
905 3413 1132 3489 conloquentem
1152 3412 1272 3485 inducit,

122 3493 235 3571 Elysios
249 3513 371 3572 campos
386 3495 628 3554 commemorauit
642 3495 679 3553 xi.
696 3498 713 3552 6
736 3495 817 3553 Viues
836 3500 925 3552 autem
945 3494 1046 3566 beatus,
1061 3496 1140 3555 uiuet
1161 3495 1192 3552 in
1212 3515 1271 3552 mea

122 3577 363 3653 tutelagleriosus,
374 3584 471 3635 etcum
485 3578 605 3651 spatium
619 3577 723 3635 saeculi
733 3578 945 3651 tuipermensus
958 3577 999 3634 ed
1009 3578 1115 3655 insuar
1128 3576 1270 3648 demeeris,

29 3717 32 3721 ,
121 3656 166 3715 ibi
183 3676 286 3734 quoque
307 3660 338 3716 in
360 3660 417 3733 ipso
439 3658 612 3716 subterraneo
631 3658 815 3716 semirotundo
834 3677 883 3729 me,
904 3677 987 3732 quarn
1008 3659 1085 3717 uides
1105 3656 1272 3716 Acherontis

121 3738 237 3798 tenebris
256 3741 456 3798 interlucentem
474 3738 632 3816 Stygiisque
646 3739 835 3814 penetralibus
853 3746 1020 3815 regnantem,
1035 3748 1142 3814 campos
1158 3737 1271 3815 Elysias

119 3819 238 3878 ancolens
251 3821 307 3895 ipu
320 3820 374 3879 tibi
377 3821 532 3896 propitium
534 3821 674 3898 frequens
687 3819 826 3879 adorabas.

162 3919 188 3960 v.
210 3901 248 3963 In
262 3900 345 3962 Ibide
358 3901 472 3961 umbrae
485 3902 660 3960 inducuntur
678 3911 828 3977 tamquam
845 3901 930 3960 uiuae
949 3910 978 3960 et
996 3901 1131 3959 uiuorum
1148 3901 1270 3960 affectus

122 3982 286 4042 retInentes.
329 3982 408 4041 Nam
427 3993 456 4042 et
470 3983 561 4041 Ibidis
579 3983 670 4040 noxia
689 3984 764 4041 mille
785 3983 872 4039 modii
892 3981 1097 4041 lacerabitur
1118 3982 1226 4054 umbra,
1241 3991 1270 4040 et

121 4072 226 4138 poetae
246 4062 346 4123 umbra
367 4083 420 4122 nen
442 4081 555 4123 mores
577 4066 663 4122 solum
687 4064 799 4123 oderit
822 4062 938 4134 inimIci,
959 4063 1010 4122 sed
1035 4072 1063 4122 et
1087 4063 1201 4122 uultus
1224 4063 1269 4121 in·

121 4154 266 4220 sequetur,
282 4154 311 4206 et
324 4147 411 4205 tendet
422 4145 456 4203 in
474 4163 531 4204 ora
550 4145 681 4221 gelidas
695 4162 824 4204 manus.
867 4143 958 4219 Apud
972 4144 1134 4221 Aegyptios
1149 4143 1268 4219 singulis

121 4225 230 4284 umbris
249 4244 302 4286 sua
320 4245 447 4302 persona
464 4236 494 4286 et
512 4227 647 4285 materies
665 4225 799 4304 (Renouf
817 4244 846 4301 p.
862 4223 948 4303 153);
970 4236 1151 4284 mortuorum
1172 4225 1268 4284 laruae

155 4427 169 4460 *
186 4425 288 4472 Records
305 4425 333 4473 of
346 4425 387 4473 the
403 4425 456 4472 Part
472 4424 503 4472 iv.
521 4439 544 4484 p.
557 4423 589 4470 80
608 4423 633 4468 ‘I
646 4423 698 4486 give
710 4423 763 4470 thee
775 4423 805 4470 all
816 4422 856 4470 the
867 4422 939 4487 lande,
951 4422 982 4471 all
992 4421 1033 4470 the
1044 4423 1133 4486 foreign
1144 4418 1267 4475 countries,

120 4489 162 4537 the
174 4491 303 4538 barbaricus
314 4491 426 4540 collected
437 4490 508 4538 under
519 4489 561 4551 thy
572 4499 619 4536 two
631 4488 728 4545 sandalis,
740 4489 775 4536 for
787 4488 855 4539 even’

680 4553 700 4613 d
