3038 5010
652 399 874 460 EXCVRSVS.
1281 405 1337 460 185

223 560 268 613 An
290 567 333 613 est
356 559 474 612 Broteas
497 557 634 611 Hercules
656 556 804 613 Bruttius?
846 559 923 611 Nam
949 559 1118 612 Hercules
1111 574 1140 612 ιιι
1165 559 1338 612 Bruttiorum

187 646 274 683 numo
290 629 396 683 fulmen
409 638 508 683 tenens
525 627 667 681 inuenitur
679 628 785 697 (Cuper
799 630 937 697 Harpocr.
950 645 977 697 p.
988 626 1048 696 ⁶5i³
1067 645 1159 698 neque
1173 629 1337 683 incredibile

188 709 231 754 est
244 709 272 754 et
285 699 350 753 huic
363 709 509 780 tamquam
521 697 646 752 tonitrali
659 698 714 752 deo
728 699 831 766 (Gloss.
848 698 1035 752 Laudunense
1051 716 1078 768 p
1093 711 1128 765 7ο
1141 699 1170 752 in
1187 701 1300 754 Notices
1311 705 1340 753 et

187 771 323 824 Eetrotts
335 769 401 823 anni
418 770 492 837 1880,
506 770 629 837 Βροταῑος
640 768 795 837 tonitralis)
810 771 930 823 Broteae
943 786 1046 822 nomen
1064 770 1247 835 adhaesisse3
1266 769 1338 825 sicut

189 840 362 894 Bruttiorum
380 856 484 894 nomen
504 839 540 893 ab
556 839 657 893 eadem
675 838 761 926 stirpe
779 838 843 893 duci
857 840 957 893 credas
970 856 1004 893 ex
1018 840 1210 922 Hesychianis
1223 840 1356 910 ΒρέντιοιΙ

187 910 286 965 rivos
273 932 300 963 εν
311 909 416 976 Ἰταλίᾳ
455 907 568 978 Bomoi
587 906 704 990 Βροντιιί.
743 910 844 964 Sedet
833 896 1023 978 tsimpliciter
1036 910 1210 964 Hercules'
1188 928 1229 965 sic
1243 911 1338 965 uocari

188 981 299 1050 potuit;
318 998 382 1034 cum
396 963 454 1034 hoc
470 979 586 1034 nomine
602 978 664 1034 aliis
682 978 725 1033 dis
739 979 953 1048 adsimilaretur,
967 980 1014 1050 qui
1031 980 1107 1049 rogis
1120 980 1289 1051 consumpti,
1304 999 1339 1036 ex

189 1051 353 1106 mortalibus
370 1050 552 1132 immortales,
566 1057 645 1104 arces
661 1049 813 1119 attigerunt
832 1050 936 1118 igneas.
974 1051 1049 1104 Audi
1062 1052 1242 1107 Welckerum
1257 1052 1338 1106 Grie·

189 1121 294 1175 chisch.
310 1121 459 1177 Gotterlst
441 1139 468 1174 ιι.
482 1137 508 1189 p.
523 1133 584 1188 797.
613 1121 655 1175 So
674 1120 710 1174 ist
729 1121 780 1175 der
797 1121 1089 1189 Selbstverbrennung
1107 1123 1158 1176 des
1176 1123 1339 1191 Assyrisch-

190 1191 350 1261 Lydischen
363 1191 421 1245 und
436 1190 611 1245 Kilikischen
625 1190 761 1245 Sandon'
755 1207 783 1244 ιιι
797 1191 863 1245 dem
876 1191 1047 1246 Oetiiischen
1061 1194 1084 1245 F
1086 1193 1277 1247 lammentode
1287 1194 1338 1247 des

190 1263 331 1317 Herakles
347 1264 528 1330 nachgeamt,
547 1260 643 1315 indem
662 1262 713 1315 der
732 1261 812 1315 Geist
834 1261 983 1316 desselben
1005 1279 1037 1315 zu
1059 1262 1114 1317 den
1135 1263 1338 1333 Olympischen

190 1334 309 1388 Go'ttem
328 1333 472 1401 iibergeht,
491 1332 625 1386 wohrend
643 1332 694 1386 der
714 1331 806 1385 Leib
799 1349 828 1384 m
844 1332 939 1386 Asche
958 1331 1069 1386 zerfzillt.
1110 1334 1143 1386 In
1161 1333 1211 1386 der
1223 1334 1339 1387 Trachi

189 1402 336 1457 nierinnen
348 1404 397 1456 hat
411 1402 504 1457 dieser
515 1403 674 1456 entlehnter
684 1403 801 1470 Mythus
815 1401 938 1482 deutlich
951 1419 1045 1471 genug
1057 1401 1135 1456 nicht
1148 1403 1203 1457 den
1218 1404 1339 1458 Phonix-

189 1473 298 1542 artigen
325 1474 478 1527 Character
502 1473 552 1527 der
573 1473 780 1540 Verbrennung
803 1471 881 1527 einer
904 1471 1089 1541 Zeitperiode.
1137 1475 1258 1529 Miinzen
1283 1492 1339 1528 von

189 1547 294 1598 Tarsos
313 1543 462 1612 hingegen,
481 1560 524 1596 wo
542 1559 608 1596 man
625 1542 746 1612 jiihrlich
764 1541 810 1596 die
829 1542 1019 1611 symbolische
1040 1543 1207 1598 Εὲιειιιοιιίο
1225 1545 1339 1599 wieder-

189 1615 274 1738 holge,
305 1615 450 1669 enthalten
481 1614 536 1667 den
566 1613 754 1682 Assyrischen
787 1615 885 1682 Rogus
918 1614 993 1668 nach
1025 1613 1119 1668 seiner
1150 1615 1339 1671 Kosmischen

190 1686 231 1738 Be
253 1693 367 1752 eutung.

226 1757 264 1809 Et
277 1755 341 1809 adst
331 1701 464 1825 tipulatur
478 1724 573 1808 Liuius
586 1753 676 1808 xxxvi.
690 1768 725 1821 30
736 1755 800 1824 Ipse
815 1754 912 1808 Oetam
928 1754 1053 1808 aseendit
1063 1754 1238 1825 Herculique
1251 1773 1339 1810 saere-

174 1827 284 1896 'ficium
294 1826 395 1896 seci't
382 1841 413 1879 m
431 1841 461 1878 eo
473 1826 531 1879 loco
543 1841 624 1894 quem
638 1826 763 1894 Pyram,
776 1826 854 1895 quod
868 1825 909 1878 ibi
925 1824 1044 1879 mortale
1061 1829 1162 1895 corpus
1173 1827 1235 1880 eius
1244 1826 1293 1880 dei
1300 1827 1341 1880 sit

189 1902 351 1963 crematum,
364 1895 517 1966 appellant.

225 1967 272 2020 Ad
285 1970 354 2034 525,
367 1970 395 2020 6.
416 1968 509 2047 Quam
522 1963 643 2019 difficilis
656 1964 795 2034 explicatu
811 1965 858 2019 hic
870 1966 948 2019 locus
961 1965 997 2020 sit
1011 1966 1113 2020 docent
1128 1983 1185 2019 non
1203 1965 1339 2021 recentio-

189 2054 252 2091 rum
265 2038 357 2091 solum
367 2035 514 2106 opiniones
528 2036 579 2090 sed
591 2035 807 2090 scholiastarum
819 2053 931 2105 quoque
941 2046 1109 2090 commenta.
1135 2039 1231 2101 Vnum
1243 2047 1339 2090 tamen

190 2117 300 2161 ueteres
320 2107 496 2161 Scholiastae
514 2106 636 2160 habent
643 2123 793 2160 commune
812 2107 888 2176 quod
907 2107 1041 2160 dextera
1054 2107 1145 2161 laesa
1167 2107 1202 2161 de
1222 2117 1340 2176 accepto

190 2178 306 2233 uulnere
324 2177 550 2246 interpretantur.
588 2178 699 2230 Horum
716 2176 839 2245 optimus
853 2177 879 2231 G
896 2178 967 2231 haec
984 2175 1052 2231 dicit
1070 2177 1198 2246 Orpheus
1215 2181 1343 2247 repertor

189 2248 288 2301 illiciti
303 2251 409 2302 amoris
421 2265 439 2299 a
454 2247 641 2302 sacerdotibus
651 2247 758 2301 Bacchi
773 2247 916 2301 dexteram
934 2249 1037 2301 amisit
1080 2247 1108 2300 T
1104 2265 1159 2302 une
1175 2247 1224 2302 ille
1243 2249 1341 2301 ue'deos

190 2335 219 2371 se
234 2335 291 2372 non
304 2322 386 2391 posse
396 2317 567 2373 citharizare
578 2319 697 2371 ι’ννινίίΙ
683 2334 714 2370 m
730 2335 777 2370 eos
791 2318 868 2371 nihil
876 2335 982 2372 curans
992 2319 1026 2371 de
1030 2319 1101 2372 utta
1113 2324 1140 2371 et
1152 2325 1281 2372 mortuus
1292 2324 1340 2373 est.

192 2389 272 2457 Quae
285 2398 315 2443 ut
328 2399 385 2442 non
398 2397 535 2469 possunt
529 2405 592 2442 esse
605 2405 680 2456 uera,
694 2387 734 2442 ita
745 2397 839 2456 potest
852 2388 920 2442 illud
933 2388 1049 2442 subesse
1059 2388 1130 2457 ueri,
1138 2390 1214 2458 quod
1224 2390 1341 2442 dextero

191 2458 306 2512 laesa
283 2477 342 2513 erus
355 2459 476 2514 creditur
490 2458 537 2527 qui
555 2458 648 2528 lyram
666 2475 791 2512 seueram
810 2468 989 2512 tractauerat.
1026 2461 1053 2511 N
1057 2476 1089 2513 ee
1108 2476 1177 2514 sane
1195 2459 1297 2513 mirum
1316 2458 1340 2513 si

191 2528 338 2584 citharista
354 2531 400 2583 uel
410 2529 523 2611 lyricen
541 2528 637 2583 fractis
655 2528 768 2582 chordis
786 2529 886 2582 uulnus
904 2546 989 2582 manu
1008 2529 1126 2598 accepit.
1165 2531 1264 2599 Itaque
1283 2546 1340 2583 non

192 2599 228 2653 de
246 2605 331 2669 po'eta
348 2598 460 2668 rectius,
480 2616 565 2680 quam
584 2599 620 2652 de
639 2598 760 2667 fidicine,
779 2616 877 2653 uersus
900 2598 1031 2667 explices.
1069 2600 1249 2681 Quamquam
1270 2600 1340 2654 satis

192 2671 382 2724 cohaerebunt
403 2687 509 2751 uersus,
529 2669 552 2724 si
575 2669 676 2723 fidicen
696 2669 751 2736 ille,
770 2669 896 2739 quisquis
915 2668 974 2737 suit,
994 2669 1061 2722 dum
1074 2670 1239 2750 segniorem
1258 2670 1341 2724 disci·

192 2740 314 2809 pulum
307 2740 434 2809 instituit,
449 2740 538 2794 iratus
556 2756 622 2794 eum
640 2741 804 2794 uulnerasse
819 2749 847 2794 et
866 2740 902 2793 ob
920 2738 1000 2793 hoc
994 2755 1054 2808 ipse
1073 2739 1236 2795 interfectus
1254 2741 1342 2795 fuisse

192 2811 320 2878 fingetur.

229 2883 307 2935 Inter
326 2880 486 2936 citharistas
507 2898 592 2935 nemo
615 2879 685 2935 Lino
707 2879 808 2935 notior.
845 2879 919 2934 Vide
938 2896 1010 2949 quae
1032 2879 1173 2948 congessit
1194 2880 1341 2935 Clintonus

193 2953 225 3006 F.
246 2953 283 3006 H.
300 2950 320 3007 i.
343 2969 389 3022 pp.
410 2967 469 3021 341,
489 2967 513 3021 2,
533 2951 698 3006 Welckerus
720 2952 763 3005 Kl.
783 2949 923 3005 Schrist.
916 2968 932 3004 1.
952 2967 998 3019 pp.
1016 2951 1050 3003 8-
1032 2961 1093 3018 5-5
1131 2952 1217 3004 Hunc
1217 2951 1340 3030 duplici

192 3022 304 3076 modo
293 3032 495 3104 interemptum
514 3022 647 3077 tradunt:
669 3022 725 3089 alii,
742 3022 778 3076 ab
793 3020 933 3091 Apolline,
949 3020 1025 3090 quod
1043 3019 1149 3101 primus
1166 3019 1272 3074 omisso
1292 3021 1340 3074 lini

192 3109 245 3146 usu
263 3109 298 3147 ex
315 3093 409 3149 neruis
425 3093 546 3148 chordas
564 3092 661 3147 fecerit
676 3092 817 3161 (Eustath.
835 3092 910 3159 1163,
924 3091 1016 3145 Schol.
1033 3090 1065 3144 ll
1078 3090 1151 3144 xviii.
1168 3090 1228 3158 570)
1241 3090 1290 3145 alii
1304 3092 1341 3145 ab

194 3163 326 3232 Hercule,
340 3180 404 3217 cum
423 3181 441 3218 a
460 3163 531 3217 Lino
550 3163 713 3218 uerberatus
734 3162 810 3232 quod
828 3179 928 3243 parum
946 3159 1070 3214 sollers
1063 3177 1092 3213 ιιι
1108 3160 1243 3215 discendo
1256 3171 1340 3230 esset,

193 3203 359 3314 magistrim
378 3251 459 3314 suum
478 3234 584 3303 plectro
603 3235 648 3287 uel
667 3234 728 3302 lyra
746 3232 875 3288 enecauit
895 3232 968 3301 (Ael.
985 3232 1019 3285 V.
1038 3230 1097 3284 H.
1091 3230 1127 3311 rii.
1142 3245 1184 3299 32,
1205 3232 1312 3286 Paus.
1305 3250 1340 3286 rx

193 3317 235 3371 29.
248 3318 274 3372 9,
294 3302 432 3358 Diod.'11i.
446 3304 489 3372 67,
508 3303 679 3384 Apollod'ir.
692 3318 718 3370 4.
732 3303 791 3372 9).
807 3303 933 3372 Scriptor
950 3317 1083 3355 uersuum
1102 3300 1162 3355 siue
1180 3301 1342 3370 Apollinem

192 3373 254 3428 siue
274 3374 427 3428 Herculem
445 3373 575 3446 respexit,
594 3391 652 3428 non
671 3373 766 3443 inepte
785 3373 880 3427 omnia
899 3371 1091 3454 expedientur.
1128 3371 1153 3440 (1
1143 3371 1167 3438 1)
1187 3373 1225 3426 Vt
1246 3371 1341 3440 Linus,

192 3452 288 3498 uates
305 3445 398 3524 lyrae
417 3461 564 3512 seuerae,
577 3445 604 3498 h.
616 3460 639 3498 e
652 3443 804 3525 repertor*
816 3442 964 3498 seuerioris
977 3441 1110 3509 musicae,
1124 3458 1188 3495 curn
1201 3459 1234 3496 ex
1247 3443 1341 3496 neruis

192 3514 314 3568 chordas
333 3513 439 3595 primus
458 3514 618 3583 intenderit,
637 3523 664 3569 et
682 3514 848 3569 naeniarum
868 3513 927 3567 siue
946 3514 1123 3567 Threnorum
1144 3522 1242 3566 auctor
1259 3512 1342 3567 fuerit

194 3584 277 3653 (Plut.
293 3587 367 3639 Mus.
381 3583 431 3652 iii),
444 3585 481 3638 ob
495 3586 568 3638 hanc
584 3601 645 3638 rem
662 3584 699 3639 ab
714 3584 846 3653 Apolline
863 3592 1025 3653 peremptus
1038 3581 1148 3650 dicitur,
1161 3583 1239 3636 laesa
1255 3600 1341 3637 manu

193 3670 244 3723 per
262 3654 441 3709 intentiorem
460 3664 488 3709 et
506 3653 661 3709 acutiorem
679 3655 848 3708 chordarum
870 3655 998 3721 formam,
1017 3652 1077 3707 siue
1096 3653 1173 3722 quod
1194 3652 1220 3707 ei
1239 3654 1343 3722 Apollo

192 3734 339 3794 tamquam
358 3726 469 3780 aemulo
488 3725 626 3793 inuidens,
645 3742 761 3779 manum
779 3741 836 3795 qua
854 3724 1004 3794 praecipue
1019 3723 1061 3777 ad
1078 3723 1256 3792 psallendum
1274 3741 1342 3778 usus

193 3804 254 3849 erat
272 3795 430 3850 uulnerauit
447 3813 484 3851 ne
501 3795 623 3886 amplius
641 3805 731 3851 artem
750 3805 843 3886 ostent
845 3804 912 3863 aret,
932 3793 1096 3848 Eustathst'
1078 3815 1198 3864 αγροικος
1216 3795 1313 3849 νεανίαι
1328 3797 1343 3847 ὁ

194 3867 269 3920 Λίνος
287 3866 353 3933 ὧδῆς
372 3886 441 3920 τινος
459 3866 569 3954 εὑρετὴς,
588 3866 714 3934 Οὐρανίας
734 3867 796 3920 υίός·
822 3863 851 3918 ὃν
869 3865 968 3918 ἀνεῖλεν
985 3862 1157 3918 Ἀπόλλων’
1143 3866 1199 3918 επεὶ
1220 3866 1250 3919 τὸ
1270 3865 1344 3919 λίνον

194 3935 341 3990 καταλύσας
352 3936 511 4018 χορδαῖς’
471 3958 591 3990 ινιτεινεν
603 3935 719 4006 ὄργανον.
745 3935 772 4003 (2
757 3936 784 4005 2)
797 3937 836 3990 Vt
850 3935 944 4016 Linus,
955 3934 1079 3989 seuerior
1088 3935 1223 4003 magister
1236 3935 1342 4005 fidium,

194 4005 263 4061 dum
277 4006 392 4061 Hercu-li
411 4006 548 4077 discipulo
565 4005 651 4062 iratus
669 4008 805 4075 dextram,
819 4023 875 4076 qua
890 4004 1036 4075 inperitius
1054 4007 1201 4076 psallebat,
1214 4006 1342 4076 percutit,

227 4244 242 4277 *
260 4240 333 4288 Schol.
346 4240 372 4288 ll
384 4241 447 4290 xviii.
461 4250 509 4303 570
525 4239 589 4288 Φασὶ
607 4239 632 4288 δὲ
649 4239 726 4289 αὐτὸν
738 4239 764 4290 ἓν
778 4239 868 4301 Θήβαις
884 4239 991 4302 ταφῆναι
1003 4237 1045 4287 καὶ
1059 4238 1188 4300 τιμηθῆναι
1199 4234 1344 4318 θρηνηίδεσιν

193 4304 272 4368 ᾠδαῖς,
290 4304 318 4354 ἃς
337 4302 448 4352 λινωδίας
466 4304 596 4354 ἐκάλεσαν.
621 4304 675 4354 ἔστι
695 4304 720 4354 δὲ
738 4304 813 4365 μέλος
831 4304 973 4388 θρηνητικὸν
993 4305 1007 4352 ὁ
1026 4301 1093 4353 λίνος
1110 4301 1163 4361 μετ’
1180 4299 1344 4364 ίσχνοφωνίας

194 4369 256 4435 (lodo
258 4388 327 4419 ενος.
360 4369 518 4433 εθρηνειτο
530 4366 623 4433 γὰρ
595 4388 664 4419 ornos
680 4369 790 4433 παρὰ
757 4389 807 4418 των
818 4370 922 4418 Μονοων
934 4369 1015 4418 ουτως
1046 4367 1145 4416 ΩΛίνε
1158 4367 1239 4429 (πασι)
1251 4367 1342 4414 θεοισιν

194 4433 310 4495 Τετιμένε
325 4434 365 4483 σοὶ
381 4433 428 4498 γὰρ
440 4433 531 4484 ἔδωκαν
544 4435 635 4498 Πρώτη)
646 4434 721 4496 μελος
731 4436 889 4499 ανθριιποισιν
911 4436 1003 4483 Φωναῖς
1018 4435 1129 4496 λιγυραις
1144 4432 1232 4480 ἀεῖσαι·
1256 4432 1344 4495 portior

195 4500 221 4552 δὲ
233 4499 332 4564 κόψ’
308 4516 325 4549 o
344 4500 436 4563 ἀναιρει
429 4501 543 4552 Μουσαι
555 4500 581 4551 δέ
592 4516 621 4550 σε
633 4499 772 4565 θρηνεουσιν
784 4503 829 4566 (sic
841 4502 989 4565 BergkiusP.
1000 4502 1026 4549 L.
1038 4515 1061 4561 p.
1072 4501 1155 4564 1297).
