3038 5010
292 385 371 444 xxxii
696 374 1036 445 'PROLEGOMENA.

456 544 506 597 Τὸν
526 541 624 597 Φθόνον
644 542 771 596 ὧπόλλων
790 540 853 598 ποδί
871 542 893 597 τ’
914 546 1015 612 ἤλασεν
1034 544 1083 598 ὧδε
1104 543 1126 597 τ’
1148 545 1242 598 ἔειπον·

454 622 597 696 Ἀσσυρίου
617 625 742 692 ποταμοῖο
761 623 841 696 μέγας
860 623 929 697 ῥόος,
950 625 1020 679 άλλά
1040 626 1071 679 τὰ
1092 626 1180 680 πολλά

456 702 560 774 Λάματα
579 707 626 777 γῆς
647 704 688 757 καί
708 705 808 759 πολλὸν
827 705 871 776 ἐφ’
892 703 965 760 ὕδατι
985 707 1117 778 συρφετὸν
1138 705 1216 762 ἕλκει.

456 788 520 854 Δηοῖ
539 784 561 839 δ’
582 786 627 839 οὐκ
647 784 698 839 άπὸ
719 785 812 842 πάντος
832 783 900 858 ὕδωρ
921 784 1049 858 φορέουσι
1068 786 1203 857 μέλισσαι,

455 865 529 920 Ἀλλ’
551 866 606 936 ἥτις
625 864 720 937 καθαρίη
741 889 769 920 τι
789 869 830 921 καλ
850 867 993 940 ιίχράαντος
1012 867 1115 940 άνέρπει

456 949 567 1004 Πίδακος
587 947 616 1017 έξ
637 949 704 1019 ίιρῆς
724 946 799 1019 ὀλίγη
820 949 906 1016 λίβος,
927 948 1004 1020 άκρον
1024 947 1112 1004 ἄωτον.

384 1042 385 1046 ’
457 1031 544 1100 Χαῖρε,
565 1028 637 1098 ἅναξ·
666 1030 680 1081 ὁ
702 1027 730 1081 δέ
751 1033 853 1099 Μῶμος,
874 1025 907 1083 ’ἶν’
929 1031 943 1083 d
965 1030 1074 1102 φθόρος,
1095 1031 1155 1085 ἔνθα
1176 1031 1266 1088 νέοιτο.

294 1108 409 1179 Quibus
423 1105 614 1184 Apollonium
628 1105 782 1166 manifesta
795 1107 916 1183 parodia
929 1108 1117 1189 respondisse
1131 1109 1202 1186 Arg.
1217 1110 1256 1170 iil.
1271 1129 1288 1185 9
1293 1128 1329 1186 32

455 1190 571 1261 Ἀκλειὴς
592 1189 635 1244 ὅδε
655 1191 751 1260 μάντις,
773 1188 801 1247 ὃς
821 1191 874 1245 οὐδ’
896 1190 947 1245 ὅσα
967 1193 1055 1248 παῖδες
1074 1189 1166 1247 ’ίσασιν

456 1268 516 1327 olle
535 1275 584 1346 νόῳ
605 1272 789 1343 φράσσασθαι,

293 1351 453 1412 Merkelius
464 1360 563 1410 censet
575 1348 700 1430 (Proleg.
711 1350 859 1427 Apollonii
870 1371 899 1429 p.
908 1350 999 1430 xviii):
1014 1351 1086 1411 illud
1101 1362 1177 1411 certe
1188 1361 1285 1429 potest
1295 1370 1331 1410 ex
1345 1352 1443 1412 Schol.

293 1437 346 1490 Οὐκ
364 1430 471 1512 ἄγαμαι]
484 1432 605 1506 Ἐγκολεῑ
617 1434 660 1488 διά
675 1432 772 1489 τούτων
790 1435 850 1492 τοὺς
868 1439 1033 1492 σκώπτοντας
1049 1437 1124 1491 αὐτὸν
1137 1436 1171 1505 μη
1193 1436 1317 1491 δύνασθαι
1337 1438 1445 1506 ποιῆσαι

291 1517 358 1590 μέγα
371 1517 475 1587 ποίημα,
490 1514 549 1570 ὅθεν
566 1513 713 1588 ἠναγκάσθη
731 1518 837 1584 ποιῆσαι
857 1518 903 1586 τὴν
921 1517 1030 1584 Ἑκάλην
1049 1516 1152 1586 οοῐλὶοἱ,
1173 1533 1234 1591 quo
1255 1523 1389 1590 tempore
1408 1533 1444 1573 ea

293 1597 485 1655 scriberentur
505 1613 522 1653 a
544 1594 734 1665 Callimacho,
757 1594 947 1670 Apollonium
968 1595 1045 1654 sama
1066 1597 1141 1672 epici
1167 1596 1305 1655 carminis
1330 1604 1444 1654 tantum

292 1677 460 1748 innotuisse,
476 1686 508 1734 ut
525 1694 579 1752 pro
598 1676 680 1735 riuali
699 1675 859 1749 haberetur,
875 1695 971 1756 neque
992 1694 1024 1736 se
1045 1677 1199 1754 indignum
1220 1684 1335 1753 putaret
1354 1676 1443 1735 Calli-

292 1759 414 1817 machus
428 1758 466 1817 ad
480 1757 637 1833 prolixiora
650 1757 771 1833 accingi.

332 1839 421 1898 Aliud
443 1848 575 1914 superest
594 1838 674 1896 rixae
694 1849 927 1910 monumentum,
943 1839 967 1898 si
989 1838 1080 1897 modo
1102 1839 1163 1912 fuit,
1181 1833 1362 1915 epigramma
1380 1837 1443 1895 An-

291 1920 439 1996 thologiae
460 1918 607 1979 Palatinae
628 1920 666 1978 xi.
690 1932 748 1994 275
773 1920 853 1997 quod
872 1921 1051 1977 Ἀπολλωνίου
1073 1925 1248 1995 γραμματικοῦ
1271 1919 1443 1995 inscriptum

293 2010 344 2060 est.

414 2083 582 2154 Καλλίμαχος
601 2085 631 2137 τὸ
651 2084 775 2155 κάθαρμα,
795 2086 826 2140 τὸ
846 2085 969 2157 παίγνιον,
991 2088 1005 2138 d
1026 2084 1129 2154 ξύλινος
1149 2088 1214 2156 νοῦς,

456 2163 542 2221 Αίτιος
561 2169 576 2218 ὁ
595 2165 702 2236 γράψας
722 2162 796 2220 Αίτια
816 2166 991 2236 Καλλιμάχου.
1156 2223 1159 2228 ,

335 2243 383 2303 SIc
404 2243 483 2302 enim
504 2242 661 2319 legendum
682 2243 796 2302 uidetur
816 2263 853 2303 ex
876 2244 978 2303 codice
1001 2243 1254 2320 Heidelbergensi,
1276 2260 1338 2301 non
1360 2243 1442 2318 quod

292 2325 411 2384 uolebat
420 2324 567 2384 Bentleius
582 2327 756 2397 Καλλίμαχος,
767 2342 835 2384 cum
844 2328 1014 2398 Καλλιμάχου
1024 2328 1111 2384 etiam
1121 2323 1291 2384 Eustathius
1306 2324 1442 2385 exhibeat

293 2406 331 2464 ad
351 2406 441 2465 Hom.
462 2405 518 2465 Od.
537 2424 622 2477 1422.
664 2404 762 2464 Verba
783 2407 825 2465 sle
846 2406 981 2464 uerterim
991 2412 1050 2465 :—‘
1059 2405 1263 2477 Callimachus,
1282 2404 1344 2463 that
1365 2404 1441 2479 heap

241 2541 243 2545 ο
293 2487 328 2546 os
337 2487 465 2559 rubbish‚
477 2487 539 2545 that
553 2486 664 2557 lribble,
675 2486 736 2545 that
750 2488 833 2547 mind
846 2487 880 2546 of
890 2487 985 2557 wood,
1001 2488 1025 2546 is
1038 2497 1068 2546 to
1083 2487 1208 2558 blame*
1223 2486 1271 2545 the
1285 2504 1366 2544 same
1380 2485 1442 2543 that

292 2578 381 2627 wrote
399 2569 448 2627 the
468 2568 540 2625 Αἴτια
561 2568 595 2626 of
612 2567 835 2640 Callimachus;’
856 2568 885 2627 h.
896 2587 920 2627 e.
937 2567 1133 2628 Callimachus
1155 2569 1205 2644 qui
1225 2567 1339 2643 scripsit
1359 2565 1441 2636 Αἵτια,

293 2668 410 2708 carmen
425 2650 461 2709 de
475 2649 570 2708 causis
589 2649 709 2708 deorum
729 2658 758 2708 et
779 2649 910 2719 heroum,
925 2649 1044 2724 plenum
1065 2649 1226 2726 quisquiliis
1246 2666 1352 2718 rerum,
1367 2647 1440 2719 leue,

292 2730 398 2789 nullius
415 2731 533 2806 ingenii,
547 2731 610 2806 ipse
631 2748 750 2789 causam
771 2731 851 2790 dedit
870 2730 938 2789 huic
960 2730 996 2789 de
1018 2750 1049 2790 se
1070 2730 1177 2789 iudicio
1188 2749 1195 2803 ;
1218 2731 1260 2789 sic
1281 2729 1360 2788 enirn
1381 2727 1442 2787 sere

293 2811 407 2887 singula
420 2813 625 2888 interpretatus
639 2819 683 2870 est
698 2811 857 2871 Merkelius
872 2811 981 2870 Prolus.
998 2812 1036 2870 ad
1049 2812 1093 2870 lb.
1108 2830 1138 2888 p.
1151 2816 1237 2886 342.†

332 2892 521 2969 Epigramma
539 2892 729 2969 Apollonium
748 2892 846 2952 Rhodi
866 2893 926 2951 iam
946 2892 1112 2951 exulantem
1133 2893 1290 2969 scripsisse,
1305 2888 1445 2948 CalIIma-

292 2973 382 3033 chum
396 2993 432 3033 eo
446 2974 611 3034 lacessitum
621 2973 688 3032 Ibr'n
702 2974 827 3033 edidisse
841 2972 1000 3033 Merkelius
1014 2983 1043 3032 et
1058 2973 1094 3034 O.
1107 2972 1302 3032 Schneiderus
1313 2970 1441 3050 (Callim.

291 3056 319 3114 ii.
342 3074 370 3132 p.
387 3054 458 3135 276)
482 3055 670 3114 crediderunt.
715 3056 806 3127 Quod
831 3055 885 3114 etsi
907 3055 994 3114 ualde
1014 3055 1157 3113 incertum
1178 3063 1230 3124 est,
1253 3062 1441 3111 tamencum

292 3137 463 3197 adulescens
498 3136 594 3196 adhuc
628 3136 804 3213 Apollonius
842 3137 874 3195 in
908 3135 1049 3194 Rhodum
1084 3135 1243 3204 secesserit,
1278 3133 1309 3192 id
1343 3142 1442 3191 autem

292 3217 467 3278 Ritschehus
484 3236 521 3276 ex
543 3219 761 3295 comparatione
781 3227 949 3294 temporum
970 3217 1047 3276 circa
1065 3215 1112 3276 Ol.
1132 3209 1440 3293 131(nc.256-r53)

292 3301 397 3360 cadere
417 3299 535 3359 euicerit
557 3297 681 3378 (Opusc.
696 3300 714 3356 i.
740 3318 789 3376 pp.
805 3303 843 3374 69
865 3309 894 3357 et
917 3295 977 3376 73),
1004 3298 1064 3356 Ibis
1089 3306 1157 3356 ante
1185 3297 1216 3356 id
1244 3306 1360 3371 tempus
1390 3295 1441 3352 uix

291 3384 385 3458 potuit
395 3381 488 3440 scribi.
520 3380 624 3456 Neque
638 3397 709 3438 uero
721 3380 770 3437 diu
783 3390 852 3456 post
866 3397 917 3438 eos
928 3397 1023 3437 annos
1034 3379 1170 3454 scriptam
1179 3376 1360 3446 crediderim,
1372 3393 1440 3434 cum

292 3479 383 3520 senex
403 3463 462 3519 iam
481 3460 676 3520 Callimachus
698 3459 903 3520 deuotionibus
925 3460 1044 3519 riualem
1065 3460 1115 3518 qu
1133 3459 1328 3518 Insectaturus
1347 3456 1441 3514 suerit.

293 3542 372 3601 Nam
390 3543 414 3600 si
433 3541 624 3600 Ritschelium
643 3541 735 3601 secuti
749 3540 919 3599 Callimachi
938 3541 1049 3600 natales
1064 3541 1140 3599 circa
1155 3537 1202 3598 01.
1217 3539 1278 3616 ff}
1292 3556 1344 3597 sc.
1361 3555 1442 3611 324-

294 3636 362 3697 317,
376 3622 524 3698 Apollonii
546 3621 593 3681 Ol.
607 3623 668 3699 ff}
688 3640 741 3681 nc.
758 3624 897 3697 276-269
919 3623 1066 3698 ponimus,
1087 3620 1134 3680 hic
1155 3621 1187 3678 in
1208 3619 1255 3679 Ol.
1273 3635 1442 3695 131annos

292 3705 394 3780 uiginti
408 3703 474 3778 plus
487 3703 630 3774 minusue,
646 3702 841 3763 Callimachus
855 3704 1005 3779 sexaginta
1018 3703 1172 3760 minimum
1186 3701 1294 3759 habuit.

333 3785 379 3843 Ex
401 3782 484 3842 Ibide
505 3783 700 3843 Callimachea
721 3802 789 3843 cum
810 3803 848 3843 ne
868 3802 961 3843 unum
981 3783 1100 3860 quidem
1121 3782 1317 3859 fragmentum
1334 3778 1442 3838 Graeci

293 3865 461 3925 tradiderint
481 3884 535 3924 nec
556 3865 610 3926 nisi
631 3883 668 3924 ex
683 3863 780 3924 Ouidii
794 3866 878 3925 Ibide
897 3875 925 3925 et
944 3865 1006 3924 eius
1020 3864 1137 3924 scholiis
1152 3864 1310 3940 quicquam
1323 3860 1441 3919 innotu-

326 4046 341 4081 *
359 4045 451 4092 ‘Poena
462 4045 544 4109 dIgnus
554 4044 602 4093 est'
613 4046 683 4093 uertit
695 4044 825 4094 Gerhardus
837 4061 860 4106 p.
871 4058 893 4108 5.

325 4110 343 4167 †
359 4110 475 4170 Apollonii
483 4109 568 4158 Rhodii
576 4125 631 4159 num
640 4113 781 4176 epigramma
788 4113 824 4168 sit,
833 4112 930 4170 dubites,
940 4125 991 4158 curn
999 4109 1168 4173 γραμματικοῦ
1179 4109 1311 4170 ἱπιοτίριιιιυ
1319 4108 1357 4162 sit,
1366 4117 1441 4165 neque

293 4174 427 4236 Apollonius
445 4177 504 4222 solus
521 4177 657 4236 inpudenter
676 4177 754 4224 tulerit
770 4176 906 4225 Callimachi
920 4191 1008 4237 poesin,
1027 4191 1089 4223 cutus
1106 4190 1139 4223 rer
1157 4184 1220 4222 testis
1236 4183 1270 4222 est
1287 4173 1367 4221 Suidas
1387 4185 1405 4218 s.
1417 4184 1440 4217 u.

292 4238 446 4302 Σςβηριανός.
468 4238 503 4286 Τὰ
519 4239 564 4300 μὲν
575 4238 617 4287 οὖν
628 4240 676 4288 τῶν
691 4239 775 4288 ἄλλων
789 4241 893 4302 ποιητῶν
907 4239 1041 4301 ἀπεδέχετο
1057 4237 1163 4302 μετρίως,
1178 4237 1222 4287 τὸν
1237 4237 1263 4286 δὲ
1275 4234 1441 4293 Καλλίμαχον

293 4306 325 4354 είς
342 4305 424 4367 χεῖρας
440 4303 526 4358 λαβὼν
536 4306 580 4353 οὐκ
595 4303 663 4354 ἔστιν
674 4303 717 4353 ὅτε
734 4305 762 4353 οὔ
778 4305 934 4354 κατέσκαπτε
950 4303 995 4354 τὸν
1006 4303 1082 4358 Λίβυν
1093 4302 1199 4366 ποιητήν·
1216 4302 1344 4364 ἀνιώμενος
1361 4296 1386 4346 δὲ
1404 4295 1440 4346 ἔτι
1468 4358 1471 4363 ,

292 4371 389 4431 μᾶλλον
406 4368 452 4432 ἤδη
468 4370 599 4432 πολλαχοῦ
615 4369 657 4419 καλ
672 4372 709 4433 τῷ
726 4369 817 4433 βιβλίῳ
833 4372 978 4433 προσάπτοι.
1011 4370 1084 4420 Anth.
1095 4371 1122 4418 P.
1134 4371 1166 4418 xl.
1180 4371 1263 4432 347.8
1281 4358 1442 4432 Γιγνάακοιιί

292 4435 340 4485 ὅσα
350 4433 439 4486 λιυκὸν
450 4433 503 4498 ἔχει
514 4435 610 4498 στίχον,
621 4437 637 4498 ἡ
648 4433 674 4483 δὲ
685 4434 787 4496 μίλαινα
797 4433 901 4499 Ἱστορίη
911 4434 981 4498 τηκοι
993 4433 1048 4483 τοὺς
1060 4433 1294 4498 Πιρικαλλιμάχους.
