3038 5010
587 393 934 456 COMMENTARIVS.
1276 395 1333 449 145

184 567 248 605 cum
259 553 372 620 corpore
383 551 498 605 animus
509 553 655 620 tamquam
667 567 774 603 carcere
786 554 899 619 saeptus
910 552 1057 614 teneretur,
1067 547 1159 600 uz'tam
1172 551 1266 600 autem
1278 563 1334 600 esse

183 638 253 689 eam,
266 637 329 674 cum
347 621 420 675 rilem
438 623 552 674 animus
565 621 669 674 uinclis
686 621 810 690 corporis
828 620 963 674 liberatus
980 620 1011 671 in
1027 634 1091 670 eum
1105 635 1133 670 se
1151 619 1241 671 locum
1260 617 1334 671 unde

184 697 253 744 esset
269 697 349 744 onus
366 692 513 745 retulisset.
568 707 648 755 opus
667 689 792 744 Platonis
807 690 997 743 Phaedonem.
1036 687 1138 742 Suidas
1152 705 1173 741 s,
1183 705 1209 742 u.
1219 684 1335 755 Ἀρατος

185 760 253 815 dicit
265 763 384 815 Aratum
398 761 544 830 scripsisse
556 757 714 827 Ἐπικίγδειον
727 761 921 828 Κλεομβρότου.
1045 762 1116 813 495.
1135 762 1197 825 qui,
1211 760 1334 826 AegeuS,

186 832 248 885 Cat.
257 831 321 887 lxiv.
331 846 461 899 241-244,
473 832 543 886 Stat.
555 831 643 885 Theb.
653 829 697 884 xii.
707 831 803 898 624-6,
818 830 902 883 Diod.
914 829 948 883 iv.
958 829 1001 897 61,
1013 830 1096 882 Paus.
1105 828 1122 883 i.
1133 844 1175 895 22,
1187 831 1263 896 Hyg.
1272 842 1331 894 242.

184 903 252 955 496.
272 918 360 968 puer,
381 903 535 969 Astyanax,
555 918 639 971 quem
659 901 695 954 de
715 900 817 955 Troiae
838 900 925 953 muris
947 898 1143 968 praecipitauit
1165 901 1280 965 Hector,
1303 908 1333 951 ut

184 971 308 1026 narrauit
322 973 445 1026 Lesches
465 971 493 1024 in
511 973 603 1025 Parua
617 971 706 1024 Iliade
719 971 749 1025 fr.
768 972 798 1024 18
813 969 917 1024 Kinkel
930 970 1015 1037 Αὐτὰρ
1027 967 1168 1038 Ἀχιλλῆος
1185 966 1334 1037 μεγαθύμου

184 1042 308 1110 φαίδιμος
319 1043 372 1096 υίὸς
380 1040 623 1111 Ἐκτορέηνάλοχον
632 1042 739 1110 κάταγεν
751 1042 838 1095 κοιλας
850 1041 892 1094 ε’πὶ
902 1041 970 1107 νῆας·
989 1039 1074 1092 Παῖδα
1087 1037 1110 1091 δ’
1120 1040 1185 1092 ἑλὼν
1195 1039 1222 1090 ἐκ
1235 1040 1334 1092 κόλπου

184 1111 357 1180 εὐπλοκάμοιο
369 1110 471 1179 τιθήνης
481 1110 557 1181 Ῥῖφε
569 1111 649 1166 ποδὸς
661 1113 774 1180 τεταγὼν
788 1110 839 1164 άπὸ
853 1109 962 1181 πύργου·
994 1111 1039 1163 τὸν
1052 1109 1080 1162 δὲ
1092 1105 1334 1168 πεσόνταἜλλοβε

183 1180 273 1251 πορφῦ
292 1203 332 1236 εος
341 1181 449 1237 θάνατος
461 1183 502 1234 καὶ
514 1184 591 1250 μοῖρα
603 1181 716 1250 κρατοίη.
738 1181 779 1235 Cf.
791 1183 855 1236 Sen.
867 1180 971 1234 Troad.
983 1180 1147 1248 1069-1118.
1182 1182 1251 1247 497,
1261 1181 1331 1233 498.

186 1250 244 1306 ‘Or
256 1203 307 1306 sie
320 1253 382 1305 who
395 1262 462 1306 aunt
475 1252 533 1306 and
545 1268 629 1305 nurse
642 1268 699 1305 was
712 1251 798 1305 bothe
811 1261 840 1305 to
854 1251 984 1304 Bacchus
997 1251 1134 1319 youthfull
1147 1250 1228 1317 boye‚
1243 1250 1284 1303 Or
1296 1251 1334 1304 he

183 1330 213 1375 to
235 1323 328 1375 whom
347 1322 514 1376 thinuented
536 1339 618 1390 sawe,
640 1339 697 1375 was
722 1322 796 1375 losse
821 1322 854 1374 os
874 1321 967 1389 lyuely
984 1322 1054 1390 Joy!
1090 1321 1124 1374 T.
1142 1320 1333 1374 Vnderdown.

183 1394 253 1447 497.
274 1396 376 1446 teneri
400 1392 522 1446 infantis.
605 1396 715 1446 nutrix
733 1395 841 1445 eadem
860 1397 1030 1445 matertera
1047 1393 1164 1444 Baoeht
1183 1391 1235 1442 lno
1254 1407 1334 1443 soror

186 1462 311 1516 Semeles
326 1465 401 1531 Hyg.
419 1476 476 1531 179,
491 1479 572 1532 quae,
589 1478 653 1516 cum
668 1463 779 1516 Semele
796 1460 911 1515 fulmine
930 1461 1068 1530 periisset,
1082 1460 1169 1513 filium
1188 1459 1248 1514 eius
1262 1462 1333 1514 Bac·

184 1532 269 1585 chum
293 1531 403 1601 accepit
426 1532 626 1599 nutriendum3
656 1541 771 1601 propter
795 1532 871 1601 quod
893 1532 965 1585 irata
986 1533 1057 1584 Iuno
1082 1530 1223 1584 insaniam
1248 1530 1273 1583 ei
1299 1547 1334 1583 ac

184 1602 285 1656 marito
295 1603 459 1657 Athamanti
472 1602 574 1671 iniecit,
588 1613 618 1656 ut
631 1602 677 1655 hic
689 1613 787 1656 natum
801 1620 882 1656 suum
893 1602 1049 1656 Learchum
1060 1611 1206 1670 tamquam
1218 1617 1333 1654 ceruum

183 1675 375 1741 necaret,an
394 1674 513 1727 alterum
532 1683 630 1727 natum
650 1672 826 1726 Melicertam
846 1672 961 1726 incenso
980 1671 1065 1725 lebeti
1084 1671 1248 1740 imponeret,
1266 1670 1333 1724 dein

184 1759 248 1795 cum
261 1759 295 1796 eo
308 1742 337 1795 in
350 1760 427 1797 mare
442 1742 579 1798 desiliret:
599 1743 674 1796 unde
687 1743 749 1811 ipsa
763 1743 931 1810 Leucothea,
945 1752 1028 1796 natus
1042 1742 1195 1795 Palaemon
1208 1740 1334 1807 uocitati,

184 1812 313 1881 Apollod.
329 1811 366 1867 iii.
379 1827 405 1879 4.
419 1829 444 1867 2.
601 1815 673 1866 498.
693 1816 745 1867 oui
764 1812 867 1866 Perdix
886 1813 973 1881 (Hyg.
988 1827 1029 1880 39,
1043 1826 1103 1879 244,
1117 1824 1177 1878 274,
1198 1812 1275 1864 Seru.
1295 1810 1334 1864 ad

184 1883 220 1937 G.
239 1882 256 1936 i.
276 1881 335 1950 143)
355 1882 415 1936 siue
434 1883 520 1936 Talos
540 1880 682 1951 (Apollod.
702 1883 738 1937 iii.
763 1895 801 1951 15.
821 1898 846 1952 9,
867 1882 951 1936 Diod.
972 1881 1007 1938 iv.
1026 1882 1069 1948 76.
1089 1879 1118 1949 4)
1138 1881 1210 1934 filius
1229 1881 1333 1934 sororis

184 1952 315 2007 Daedali.
345 1953 475 2022 Apollod.
485 1952 595 2021 iii.15.9
608 1951 682 2007 οὗτος
691 1952 846 2022 (Δαίδαλος)
857 1953 885 2021 ἐξ
897 1950 1010 2019 Ἀθηνῶν
1022 1954 1127 2021 ἔφυγεν,
1137 1951 1187 2005 ἀπὸ
1199 1953 1243 2018 τῆς
1256 1951 1333 2020 ἀκρο-

182 2024 383 2086 πόλεωςβαλὼν
395 2025 439 2077 τὸν
451 2025 496 2090 τῆς
508 2023 624 2091 ἀδελφῆς
636 2023 761 2091 Πέρδικος
776 2024 830 2076 vitiu
841 2024 925 2088 Τάλω,
937 2021 1051 2091 μαθητὴν
1063 2021 1132 2086 ὄντα,
1145 2022 1232 2076 δείσας
1244 2021 1277 2088 με)
1291 2021 1334 2074 διὰ

183 2092 229 2159 τὴν
240 2089 349 2160 εὐφυΐαν
366 2093 442 2146 αὐτὸν
460 2093 603 2160 ὑπερβάλῃ·
628 2094 738 2161 σιάγονα
756 2094 806 2163 γὰρ
825 2092 910 2163 ὄφεως
928 2093 1007 2162 εὑρὼν
1025 2091 1105 2158 ξύλον
1121 2093 1216 2144 λεπτὸν
1232 2092 1332 2161 ἔπρισε.

184 2161 304 2216 Ouidius
312 2162 359 2216 ubi
368 2180 428 2217 rem
436 2163 731 2231 narratM.viii.236-2
735 2175 767 2232 59
776 2163 862 2216 filium
873 2180 1024 2232 germanae
1034 2161 1155 2216 Daedali
1165 2179 1230 2216 eum
1240 2172 1333 2229 uocat,

184 2249 287 2286 nomen
300 2243 395 2288 tamen
409 2233 511 2287 omisit.
547 2233 627 2287 Idem
640 2233 775 2287 circinum
785 2233 907 2302 repperit
922 2234 961 2286 M.
973 2232 1027 2286 viii.
1039 2246 1170 2300 247-249,
1185 2233 1260 2301 Hyg.
1271 2244 1332 2298 274.

182 2305 253 2371 499,
272 2306 343 2358 500.
364 2303 493 2373 Plerique
518 2303 606 2358 secuti
630 2305 690 2358 lan.
714 2304 894 2357 Parrhasium
921 2303 1021 2372 (Epist.
1044 2303 1090 2372 49)
1114 2302 1271 2371 intelligunt
1297 2303 1333 2357 de

183 2373 307 2440 Aglauro
334 2373 467 2442 Cecropis
493 2373 557 2441 filia,
580 2391 652 2444 quae
679 2373 851 2427 Mercurium
876 2374 1060 2428 accedentem
1084 2373 1122 2427 ad
1148 2374 1260 2427 Hersen
1286 2390 1333 2427 ex·

184 2442 274 2510 clusit,
287 2441 405 2497 nimiam
422 2446 562 2498 fortunam
582 2444 670 2497 sorori
690 2443 829 2511 inuidens,
841 2444 917 2498 unde
930 2445 1037 2498 Liuz'da
1050 2443 1109 2498 siue
1121 2444 1229 2496 Inuida
1240 2447 1332 2509 uirgo

183 2512 239 2566 dici
258 2513 357 2582 potuit.
396 2516 473 2568 Nam
491 2515 630 2582 Aglauros
650 2524 677 2568 et
698 2516 790 2568 Herse
809 2531 853 2583 ap.
870 2516 945 2583 Hyg.
963 2515 1019 2582 166,
1034 2515 1094 2581 238,
1113 2515 1194 2567 Paus.
1215 2512 1232 2567 i.
1249 2514 1287 2566 18.
1307 2528 1332 2580 2,

184 2583 250 2652 quia
274 2583 405 2637 cistulam
429 2594 597 2652 aperuerant
623 2584 651 2637 in
676 2601 732 2653 qua
757 2585 923 2638 seruabatur
947 2584 1157 2650 Erichthonius,
1179 2583 1290 2637 insania
1315 2600 1333 2638 a

185 2653 316 2707 Minerua
328 2653 448 2723 obiecta,
461 2653 498 2706 ab
511 2655 652 2724 Acropoli,
666 2656 711 2708 uel
724 2663 753 2708 ut
768 2654 899 2724 Hyginus
914 2654 1005 2722 docet,
1020 2653 1048 2707 in
1061 2671 1139 2707 mare
1152 2671 1183 2707 se
1195 2653 1332 2722 praecipi·

183 2731 322 2778 tauerunt.
367 2724 425 2778 Sed
449 2724 563 2778 codices
588 2724 693 2779 habent
713 2728 830 2779 Lindia
855 2725 900 2778 uel
923 2728 1037 2789 leia;
1067 2725 1212 2792 Aglauron
1236 2734 1333 2778 autem

184 2792 305 2847 Ouidius
318 2793 347 2846 in
360 2794 423 2848 loco
436 2793 483 2847 ubi
497 2795 571 2848 hanc
584 2794 708 2848 fabulam
720 2805 815 2848 narrat
824 2795 878 2860 (M.
888 2793 925 2848 iii.
936 2792 1069 2861 708-832)
1081 2793 1148 2847 dicit
1162 2810 1179 2846 a
1190 2793 1332 2847 Mercurio

183 2861 212 2916 in
227 2881 326 2917 saxum
344 2881 511 2918 conuersum
529 2864 623 2919 fuisse.
662 2866 762 2934 ltaque
775 2875 822 2919 aut
837 2865 875 2933 (1)
889 2868 1005 2918 Lindia
1016 2882 1050 2917 ex
1064 2866 1090 2918 G
1103 2863 1289 2931 retinendum,
1303 2872 1332 2917 et

181 2937 303 2988 inuicto
321 2937 379 2988 deo
396 2934 432 2989 de
447 2935 570 2988 Hercule
589 2934 811 3003 intelligendum,
825 2934 974 3058 explicatio
990 2944 1085 2988 autem
1102 2933 1226 3002 petenda
1244 2951 1278 2986 ex
1296 2933 1331 2987 iis

183 3019 255 3072 quae
276 3006 375 3059 Conon
393 3003 430 3071 xi,
450 3005 574 3073 Hesych.
595 3022 617 3058 s.
631 3022 656 3059 u.
677 3004 773 3057 Λίοδιοι
792 3005 837 3070 τὴν
871 3006 954 3071 ασίαν,
967 3005 1094 3073 Apostol.
1108 3022 1133 3058 x.
1147 3016 1189 3070 71,
1208 3002 1331 3071 Diogen.

182 3073 218 3127 vi.
235 3087 274 3143 15,
293 3074 397 3128 Zenob.
416 3074 451 3128 iv.
470 3087 513 3143 95,
533 3074 646 3144 Origen.
665 3085 763 3129 contra
783 3075 856 3129 Cels.
875 3073 921 3129 vii.
942 3087 983 3143 54,
1004 3076 1082 3128 Lact.
1101 3074 1117 3127 i.
1137 3088 1180 3140 21,
1200 3073 1331 3127 Philostr.

184 3144 304 3213 lmagin.
314 3143 340 3198 ii.
353 3159 387 3210 24
396 3144 579 3199 tradiderunt.
619 3144 665 3199 Sic
675 3145 751 3199 enim
761 3143 913 3199 Zenobius:
929 3144 1025 3197 Λίνδιοι
1037 3144 1083 3211 τὴν
1095 3143 1196 3197 θυσίαν·
1207 3144 1332 3210 παροιμία

181 3213 223 3266 ἐπὶ
235 3219 286 3267 τῶν
295 3213 438 3283 δυσφῆμως
450 3212 657 3283 ἱερουργούντων.
675 3213 740 3268 ’And
751 3213 910 3282 Ἡρακλέους
922 3215 949 3267 ε’ν
959 3215 1041 3268 Λίνδω
1052 3216 1118 3277 βοῦν
1129 3213 1332 3269 άποσπάσαντος

181 3287 297 3406 γεωργοῦ
321 3284 362 3336 καὶ
386 3284 578 3354 θοινησαμένου,
600 3289 647 3338 τοῦ
669 3285 697 3338 δὲ
720 3289 838 3355 γεωργοῦ
861 3267 1060 3355 λοιδορουμέύου
1085 3284 1169 3337 αὐτόν.
1206 3283 1265 3336 ὅθεν
1289 3286 1331 3337 καὶ

181 3354 228 3407 Λίν
245 3375 278 3407 tot
301 3354 363 3407 κατὰ
384 3356 503 3423 χρησμὸν
524 3353 590 3407 οὕτω
612 3353 718 3408 θύουσιν
738 3353 862 3424 Ἠρακλεῖ
882 3354 1082 3425 λοιδορούμενοι.
1118 3353 1206 3422 Virgo
1229 3353 1331 3409 Lindia

181 3433 230 3477 aut
246 3423 309 3492 ipsa
325 3423 420 3478 cibum
437 3433 554 3493 negarat
569 3424 684 3478 Herculi
704 3442 768 3478 cum
787 3424 922 3480 conuiciis
937 3436 985 3479 aut
1004 3424 1165 3494 importuna
1181 3423 1241 3478 eius
1254 3424 1329 3479 fame

182 3493 298 3548 incensa
322 3495 399 3563 quod
423 3494 526 3549 aratori
547 3495 651 3549 bouem
676 3495 824 3564 eripuisset
849 3510 883 3549 ac
904 3495 1083 3561 comedisset,
1103 3495 1218 3548 effusius
1243 3495 1329 3548 male·

182 3562 297 3618 dixerat.
336 3565 401 3618 Hoc
414 3566 533 3618 alterum
546 3564 631 3619 tradit
645 3566 739 3620 Schol.
750 3567 793 3631 G;
812 3564 858 3619 uix
871 3564 947 3619 enim
960 3575 1052 3634 potest
1065 3583 1163 3619 uerum
1176 3582 1240 3618 esse
1253 3564 1330 3634 quod

181 3633 267 3688 habet
281 3635 368 3689 schol.
380 3636 411 3702 P,
424 3633 547 3703 uirgines
559 3634 683 3702 Lindias,
693 3653 757 3689 cum
770 3653 827 3689 uno
840 3633 915 3690 anno
928 3652 1039 3689 sacrum
1051 3634 1186 3704 populare
1197 3634 1329 3689 Herculis

182 3703 372 3758 intermissum
386 3715 468 3772 esset,
481 3705 574 3760 furore
587 3715 729 3774 correptas
743 3705 771 3759 in
788 3723 866 3761 mare
879 3724 910 3760 se
925 3705 1135 3775 praecipitasse,
1147 3705 1202 3758 nisi
1214 3705 1286 3759 forte
1299 3705 1329 3759 id

182 3791 216 3828 ex
234 3774 319 3829 Diod.
332 3793 357 3829 v.
374 3786 404 3843 55
424 3775 487 3829 elici
506 3792 590 3844 posse
609 3774 785 3831 existimaris.
857 3779 977 3831 inuicto
995 3781 1053 3830 deo
1071 3777 1144 3830 bene
1163 3776 1201 3830 ad
1220 3778 1329 3830 Hercu·

181 3845 238 3898 lem
256 3845 381 3913 refertur,
398 3845 445 3915 qui
464 3846 609 3900 καλλίνικος
627 3846 738 3915 proprie
757 3856 874 3900 uocatus
892 3847 982 3915 fuerit,
996 3846 1099 3900 Archil.
1114 3847 1145 3901 fr.
1164 3861 1213 3915 119
1227 3847 1329 3915 Bergk,

180 3914 310 3983 Apollod
325 3915 351 3969 ii.
365 3915 389 3968 6.
404 3929 429 3982 4,
448 3915 481 3969 cf.
496 3917 563 3971 Eur.
579 3917 617 3971 H.
631 3918 662 3970 F.
679 3918 736 3984 180,
752 3918 798 3985 581
818 3918 863 3970 οῦκ
881 3915 921 3987 ἄρ’
938 3916 1070 3987 Ἡρακλῆς
1083 3915 1113 3968 ‘0
1133 3919 1277 3971 καλλίνικος
1295 3918 1330 3972 ὡς

180 3985 288 4049 πάροιθε
306 3985 423 4052 λέξομαι,
440 3986 500 4054 680,
513 3986 573 4055 961,
587 3986 724 4040 Romanis
744 3996 838 4041 autem
857 3988 995 4041 Hercules
1007 3987 1106 4042 Victor
1124 3987 1184 4042 siue
1203 3987 1329 4041 Inuictus

182 4053 299 4122 (Preller
317 4057 399 4109 Rom.
421 4057 512 4125 Myth.
532 4056 663 4125 656652,
685 4060 847 4111 Mommsen
868 4059 899 4112 C.
918 4059 938 4112 l.
957 4059 988 4111 L.
1007 4057 1023 4112 i.
1043 4071 1101 4126 541,
1119 4057 1330 4126 Zangemeister

183 4125 270 4180 Inscr.
285 4127 383 4194 Pomp.
397 4138 458 4194 733,
474 4127 667 4181 Wordsworth
686 4130 798 4196 Fragm.
813 4128 870 4182 and
889 4127 1010 4196 Specim.
1028 4146 1056 4197 p.
1069 4140 1130 4194 473,
1149 4128 1275 4181 Macrob.
1290 4127 1327 4181 iii.

181 4194 205 4248 6.
217 4210 294 4264 9-11,
304 4197 382 4250 Seru.
397 4196 435 4249 ad
445 4196 581 4251 Aen.viii.
593 4197 664 4265 362).
701 4200 758 4251 Aut
768 4197 806 4266 (ι)
819 4202 913 4252 Lidia
924 4202 1016 4263 uirgo
1029 4215 1101 4267 quae
1114 4198 1205 4266 fuerit,
1219 4197 1328 4251 collatis

181 4264 267 4319 Diod
276 4285 300 4320 v.
309 4266 353 4333 62,
368 4266 498 4320 Parthen.
508 4269 584 4321 Erot.
600 4266 725 4335 ielicias,
739 4284 809 4336 quos
822 4269 900 4321 locos
913 4268 942 4321 in
956 4270 1082 4322 Excursu
1096 4267 1203 4322 addidi.
1262 4269 1328 4320 501.

180 4338 259 4390 Pete
271 4352 343 4405 quae
356 4353 445 4405 nuper
457 4337 565 4406 peperit
579 4340 619 4391 M.
633 4337 688 4391 xiii.
704 4339 754 4405 803
758 4339 824 4408 feta
836 4339 1024 4392 truculentior
1034 4355 1110 4391 ursa.
1165 4340 1328 4401 popularis

180 4417 256 4461 recte
269 4405 380 4461 uidetur
393 4407 524 4475 Saluagn.
537 4407 574 4461 ad
586 4407 705 4475 Libycos
718 4409 814 4462 leones
827 4409 900 4475 (Cat.
911 4409 964 4462 xlv.
975 4408 1002 4477 6)
1014 4410 1124 4474 referre,
1133 4417 1164 4460 ut
1177 4407 1223 4476 qui
1238 4405 1327 4458 Ibidis

180 4476 330 4546 populares
343 4485 446 4538 essent.
467 4477 514 4532 Sic
522 4479 811 4549 populan'ctflumina
820 4478 906 4533 Penei
920 4478 1049 4542 dicuntur
1062 4494 1160 4532 amnes
1170 4474 1327 4539 Thessalici

747 4564 769 4612 L
