3038 5010
648 377 775 441 IBIS.

183 563 413 645 Infamemque
435 563 544 627 locum
568 564 697 627 sceleris
719 584 804 647 quae
827 566 960 629 nomine
981 565 1067 641 iecit,

227 675 348 739 Pressit
370 684 403 739 et
427 676 569 739 inductis
593 676 742 739 membra
765 685 902 758 patema
925 678 1013 742 rotis.

181 787 230 850 Vt
251 787 386 851 iuuenes
408 807 531 868 pereas,
554 807 694 869 quorum
718 787 856 871 uestigia
878 789 990 854 uultus

227 897 366 962 Brachia
389 898 524 963 Pisaeae
547 899 728 962 sustinuere
750 898 843 963 fores.

182 1010 230 1074 Vt
253 1011 310 1093 qui
333 1010 496 1093 perfusam
521 1011 712 1073 miserorum
735 1031 834 1093 saepe
856 1031 1039 1092 procorum,

228 1122 306 1204 Ipse
328 1143 388 1185 suo
412 1122 527 1187 melius
550 1123 709 1204 sanguine
731 1124 832 1186 tinxit
855 1122 1003 1186 humum.

185 1234 337 1298 Proditor
359 1243 395 1297 ut
417 1235 506 1298 saeui
530 1236 626 1316 periit
648 1235 762 1314 auriga
783 1236 923 1315 tyranni,

228 1345 295 1428 Qui
319 1367 406 1409 noua
429 1347 584 1428 Myrtoae
607 1346 740 1409 nomina
763 1345 839 1409 fecit
862 1367 978 1428 aquae.

185 1458 233 1522 Vt
255 1459 311 1540 qui
334 1457 481 1522 uelocem
504 1457 622 1522 frustra
644 1457 768 1538 petiere
791 1457 944 1539 puellam,

230 1571 321 1634 Dum
344 1570 431 1635 facta
454 1579 504 1633 est
527 1569 634 1652 pomis
657 1568 778 1632 tardior
801 1568 856 1632 illa
879 1570 993 1633 tribus.

185 1681 233 1746 Vt
256 1683 312 1764 qui
335 1692 432 1757 tecta,
457 1682 534 1744 noui
556 1681 696 1744 formam
718 1681 859 1745 celantia
883 1684 1030 1755 monstri,

230 1796 396 1859 Intrarunt
419 1814 535 1858 caecae
558 1814 624 1856 non
647 1793 816 1856 redeunda
839 1792 968 1855 domus.

185 1906 233 1970 Vt
255 1916 396 1989 quorum
419 1904 583 1969 Aeacides
607 1904 696 1967 misit
719 1904 883 1967 uiolentus
906 1905 939 1966 in
962 1906 1068 1967 altum

231 2017 378 2100 Corpora
400 2037 475 2080 cum
498 2016 584 2080 senis
607 2015 710 2079 altera
733 2035 812 2078 sena
834 2035 961 2098 rogum.

186 2129 234 2193 Vt
256 2150 340 2211 quos
362 2128 491 2192 obscuri
514 2128 619 2191 uictos
642 2126 836 2209 ambagibus
859 2127 933 2205 oris,

231 2241 391 2324 Legimus
413 2239 567 2303 infandae
589 2237 739 2321 Sphinga
761 2238 893 2302 dedisse
915 2240 997 2303 neci.

187 2353 234 2416 Vt
256 2353 314 2435 qui
338 2351 506 2415 Bistoniae
529 2350 656 2433 templo
678 2349 825 2413 cecidere
849 2350 1031 2427 Mineruae,
1060 2338 1067 2349 ⁴

146 2602 198 2653 Vnt.
327 2596 426 2666 pteleri
446 2599 470 2648 F
592 2597 695 2650 sterole
714 2598 738 2646 Τ
857 2596 943 2649 terele
963 2597 1012 2648 HV
1133 2599 1245 2653 cherele
1267 2600 1296 2649 X

144 2669 235 2724 cerele
248 2671 283 2720 M
385 2666 491 2723 tereiG
598 2667 704 2720 therele
717 2667 791 2719 conr.
898 2666 944 2720 uel
957 2676 1006 2721 tua
1018 2670 1046 2722 F.

100 2743 101 2747 ’
182 2742 241 2808 363,
256 2759 270 2805 4
290 2742 354 2792 citat
366 2739 497 2792 conradus
508 2757 530 2789 s.
545 2757 569 2791 u.
585 2736 699 2792 Seruius
714 2736 832 2790 Tullius

183 2814 214 2876 36
217 2827 242 2882 5,
255 2813 271 2861 6
291 2812 354 2863 citat
367 2810 499 2864 Conradus
513 2829 533 2862 s.
548 2826 572 2861 u.
585 2808 717 2863 Athreus,
816 2808 820 2815 ’

579 2886 603 2911 ue

183 2925 242 2988 365.
273 2937 392 2992 quorum
425 2918 539 2989 fastigia
569 2918 692 2988 (fastigia
724 2916 757 2987 G)
784 2919 878 2974 uultus
912 2920 1092 2973 FGHMPTX
1122 2924 1213 2975 Parm.
1241 2924 1293 2975 Vnt.

146 2992 272 3064 proiecta
284 2992 425 3047 cadauera
434 3008 554 3062 quorum
569 2994 594 3044 V
601 2991 671 3044 Leid.
685 2990 759 3044 Gonr.
773 2989 910 3043 Merkelius
923 2992 990 3043 Ries.
1050 2992 1173 3060 Equidem
1180 2993 1296 3062 praetuli

146 3066 211 3133 quod
220 3065 295 3117 habet
308 3064 331 3116 G
343 3066 381 3116 ita
393 3074 480 3117 tamen
498 3074 526 3116 ut
543 3063 652 3117 dubitem
670 3062 790 3114 meliusne
807 3064 949 3129 scripturus
959 3064 1061 3127 finrim
1081 3064 1146 3130 quod
1155 3063 1248 3116 habent
1260 3073 1296 3116 tot

147 3148 202 3189 tam
219 3136 359 3204 incorrupti
375 3135 467 3188 codices
484 3132 607 3202 fastigia.
643 3132 715 3185 Nam
735 3143 763 3185 ut
774 3133 812 3185 nd
819 3133 894 3199 fores
911 3131 1028 3198 brachia,
1040 3134 1079 3186 ita
1096 3134 1182 3186 uultus
1194 3137 1220 3186 in
1231 3136 1296 3198 fas-

146 3208 217 3275 tigiis
229 3209 317 3259 merito
323 3206 477 3274 proponendi
487 3215 571 3259 erant.
917 3206 921 3215 '

185 3279 245 3342 366.
263 3275 385 3330 Brachia
398 3276 506 3328 FGHM
515 3277 568 3329 Vat.
677 3273 864 3343 Membraque
883 3276 907 3324 Τ
1009 3273 1123 3343 Oraque
1136 3275 1206 3328 Leid.
1220 3275 1294 3328 Conr.

148 3348 366 3402 MerkeliusRies.
450 3345 527 3401 Olim
545 3347 637 3399 Parm.
655 3356 680 3398 et
697 3345 783 3398 Sloan.
798 3359 848 3408 777
934 3344 1062 3413 Quorum
1073 3345 1129 3398 PX
1139 3345 1297 3399 Harleianus
1365 3376 1372 3387 ·

150 3423 217 3483 2538
325 3418 432 3487 physee
445 3420 469 3469 P
574 3415 641 3469 ioris
655 3416 740 3470 Consi.
754 3417 884 3468 Fanensis.

186 3491 245 3554 367.
264 3504 332 3558 sepe
345 3489 422 3541 FGX
528 3486 597 3540 cede
610 3488 687 3541 ΗΡΊ.
1275 3518 1279 3525 -

186 3561 236 3625 369
255 3561 320 3612 citat
332 3560 464 3612 Conradus
476 3577 497 3610 s.
511 3576 535 3612 u.
548 3558 672 3612 Athreus
746 3554 885 3626 periitque
899 3557 1087 3610 Laurentianus
1100 3556 1238 3609 XXXIII.
1255 3572 1295 3620 31.

186 3645 245 3695 370.
263 3629 384 3683 mirthoe
399 3630 474 3684 ΘΤΧ
577 3627 677 3683 mirtee
689 3628 721 3681 Η.

186 3714 246 3766 371.
265 3702 303 3754 Et
315 3699 363 3769 qui
376 3701 404 3751 H
509 3714 543 3753 ue
555 3699 618 3752 loc‘e
630 3701 660 3752 P.

187 3786 247 3836 372.
263 3771 339 3825 iacta
353 3771 423 3822 ΒΗΤ
524 3778 608 3838 capta
627 3771 705 3822 GPX
715 3771 767 3822 Vnt.

186 3856 246 3908 373.
264 3840 390 3896 celancia
403 3843 433 3894 F.

186 3927 246 3978 374.
264 3921 328 3966 oete
340 3915 381 3964 M.

187 3997 246 4049 375.
265 3984 353 4037 altum
366 3982 490 4034 FHMW
594 3982 666 4035 altos
678 3981 752 4035 Leid.
761 3978 846 4033 Sloan.
953 3978 1017 4033 altis
1029 3982 1084 4032 PX
1187 3979 1255 4034 artis
1267 3981 1300 4033 G.

188 4057 247 4118 376.
266 4070 335 4107 seua
353 4055 385 4104 X
508 4068 607 4120 rogum
629 4052 699 4102 Hw
820 4066 904 4119 rogos
927 4051 1012 4103 Sloan.
1035 4050 1104 4103 Leid.
1223 4048 1299 4119 rogis

151 4126 252 4178 FGPX
263 4127 315 4178 Van

84 4194 87 4199 ¹
189 4210 247 4260 377,
262 4200 276 4247 8
290 4198 354 4249 citat
366 4196 496 4249 Corradus
509 4214 529 4248 s.
544 4215 568 4247 u.
582 4192 678 4262 Spinx.

189 4281 248 4330 377.
267 4264 394 4320 obscuris
406 4268 461 4318 PX
565 4263 675 4318 uinctos
688 4264 749 4315 HM
853 4261 929 4316 horis
942 4265 973 4315 P.

190 4342 248 4401 378.
267 4336 368 4405 spinga
382 4336 523 4389 FHPI'VX
534 4336 608 4388 Conr.
714 4332 817 4402 spinda
832 4335 863 4386 G.

190 4422 248 4476 379,
264 4412 313 4471 380
332 4410 396 4460 citat
409 4407 539 4460 Conradus
553 4428 574 4459 s.
588 4426 611 4458 n.
627 4407 829 4473 Lempnenses.

191 4493 250 4544 379.
268 4477 399 4547 bystonie
411 4480 435 4528 T
536 4475 664 4531 occidere
678 4476 818 4530 conradus.
