3038 5010
692 377 736 436 IN
766 377 862 436 IBIN.
1291 385 1331 440 53

179 546 281 612 captus
295 536 333 594 ab
352 533 429 594 Afris
443 534 536 593 noluit
557 533 660 593 redimi
671 553 678 606 ;
707 531 820 610 putauit
838 535 917 593 enim
938 545 1021 612 turpe
1042 554 1107 595 esse
1129 536 1153 595 si
1174 535 1330 596 Romanus

179 621 217 677 ab
239 618 322 676 hoste
345 618 539 676 redimeretur.
589 615 738 692 Palpebris
759 617 894 675 abscissis
919 628 1050 676 mortuus
1069 626 1121 689 est,
1137 618 1217 693 quod
1236 619 1331 694 tangit

178 698 328 758 Horatius.
373 697 440 757 Coa'.
455 697 618 774 Salnagnr'i.

224 784 290 852 284.
313 779 374 838 Cui
396 780 480 836 nihil
497 780 631 838 Hercei.
673 779 732 836 Pri-
817 781 883 851 284.
918 779 1067 838 Priamum
1101 781 1192 855 tangit
1227 782 1276 857 qui
1312 799 1330 840 a

178 880 278 920 amum
298 861 388 937 tangit
407 879 425 919 a
444 860 545 919 Pirrho
565 878 665 918 coram
683 879 732 919 ara
774 860 884 936 Pyrrho
907 860 1028 920 Achillis
1052 861 1120 932 filio,
1147 862 1217 920 dum
1242 880 1329 938 cape·

179 942 260 1002 Iouis
274 943 464 1001 interfectum.
504 940 541 1000 G.
584 941 731 1000 Priamum
773 954 850 1000 retur
871 941 971 1013 Troia,
993 944 1127 1018 quamuis
1152 944 1329 1019 complecte-

178 1025 272 1100 tangit
286 1042 304 1081 a
317 1023 419 1082 Pirrho
434 1023 493 1080 filio
509 1023 630 1082 Achillis
644 1025 730 1081 inter·
771 1033 850 1081 retur
881 1041 960 1080 aram
996 1024 1076 1083 Iouis
1108 1023 1225 1096 Hercei,
1253 1043 1329 1101 quae

180 1105 297 1176 fectum,
320 1106 369 1180 qui
388 1105 459 1163 dum
477 1114 625 1180 caperetur
641 1103 733 1162 Troia
774 1113 835 1162 erat
854 1104 885 1161 in
907 1105 1048 1181 impluuio
1071 1105 1186 1163 aedium
1201 1124 1327 1176 suarum,

104 1207 108 1215 ·
179 1186 274 1258 Grais,
290 1186 448 1244 Rhoeteum
466 1204 545 1243 aram
564 1185 644 1244 Iouis
659 1203 733 1261 quae
774 1185 940 1245 interfectus
955 1197 998 1244 est
1011 1195 1085 1245 teste
1095 1182 1228 1262 Virgilio.
1260 1186 1327 1247 Cod.

178 1278 239 1326 erat
253 1267 360 1326 Troiae
374 1266 631 1343 complectebatur.
675 1265 708 1325 C.
774 1266 937 1343 Saluagmi.

222 1352 289 1421 285.
323 1348 519 1407 Thessalus.
562 1349 654 1406 Iouus
679 1366 730 1406 rex
813 1347 904 1406 lonus
949 1366 1000 1406 rex
1042 1349 1210 1407 Thessaliae
1252 1350 1327 1408 filius

178 1429 346 1489 Thessaliae
363 1429 439 1488 filius
460 1429 557 1494 †Preti
578 1429 651 1488 ultra
667 1447 730 1487 mo·
772 1429 905 1505 †Perpeti
929 1429 1143 1505 Agrimantini†
1168 1431 1241 1489 ultra
1263 1450 1328 1490 mo·

177 1511 248 1570 dum
272 1522 358 1589 potus
379 1512 453 1569 ultra
474 1509 582 1570 Ossam
602 1520 732 1569 montem
773 1510 842 1568 dum
871 1520 958 1586 potus
987 1511 1023 1569 de
1052 1510 1129 1569 Ossa
1160 1524 1260 1570 monte
1295 1530 1327 1571 se

177 1594 380 1669 praecipitatus
395 1602 446 1651 est.
490 1590 588 1650 *Vnde
604 1591 708 1650 Gallus
716 1611 730 1653 ;·
773 1589 979 1668 praecipitauit.
1009 1590 1105 1649 *Vnde
1119 1591 1234 1652 Gallus:
1255 1593 1327 1652 Vina

183 1675 255 1733 Vina
263 1675 349 1749 probo
368 1675 398 1731 si
410 1679 474 1748 poia
494 1675 577 1744 modo,
592 1673 732 1748 debentque
768 1673 853 1748 probo
867 1678 941 1732 κ.τ.λ.
981 1672 1007 1733 C
1019 1681 1046 1731 el
1058 1675 1113 1731 cod.
1128 1673 1289 1752 Saluagnii.

172 1757 297 1830 probari.
339 1754 380 1814 Si
397 1775 451 1813 non
467 1762 535 1831 pola
557 1755 640 1826 modo,
663 1760 732 1812 urna
816 1755 906 1813 Ionus
944 1773 995 1812 rex
1030 1754 1200 1813 Thessaliae
1239 1757 1326 1815 nimis

175 1855 277 1895 uenena
295 1842 372 1912 pulo.
414 1835 520 1911 Nempe
543 1836 628 1894 nimir
647 1843 728 1912 polus
768 1835 924 1895 inebriatus
940 1852 971 1893 se
986 1836 1022 1895 de
1038 1835 1115 1895 Ossa
1129 1847 1326 1914 monteprae·

174 1938 202 1975 se
229 1919 430 1993 praecipriauz't
467 1917 563 1988 Ianus,
604 1917 730 1992 Vinaque
770 1917 907 1992 cipitauit.
922 1915 1046 1976 Ouidius
1060 1919 1090 1975 in
1105 1918 1172 1976 Ibin
1187 1963 1194 1976 .
1210 1963 1217 1977 .
1233 1964 1239 1978 .
1255 1920 1325 1977 item

169 2007 237 2076 pola
250 2001 334 2057 nanis
349 1998 635 2074 causasnere-necri.*
681 1997 718 2057 G.
771 1997 911 2056 *Gallum
934 1998 1004 2056 Vina
1012 1999 1100 2073 probo
1115 2004 1189 2057 κ.τ.λ.
1227 2000 1325 2058 Mure.

218 2085 285 2153 287.
314 2081 381 2139 Aut
414 2081 507 2138 uelut
537 2080 728 2155 Eurylochi.
811 2076 988 2160 [*Euribous
1011 2078 1161 2159 (Henolus
1189 2080 1228 2159 C)
1258 2082 1326 2140 Ioni

175 2159 363 2220 *Eurilochus
388 2160 453 2220 loni
485 2161 625 2237 praedicti
651 2161 729 2219 hlius
770 2161 843 2219 filius
858 2161 926 2236 quia
940 2160 1028 2218 filiam
1051 2171 1181 2236 stuprare
1199 2164 1292 2221 uoluit
1305 2181 1327 2222 a

173 2243 261 2300 filiam
272 2261 355 2302 suam
365 2244 456 2301 uoluit
467 2260 660 2318 corrumpere,
672 2259 730 2317 qua
772 2241 1218 2324 serpentibusestcousumptus.]
1236 2244 1329 2320 *quod

172 2323 209 2382 de
231 2342 319 2383 causa
339 2343 357 2382 a
374 2324 555 2400 serpentibus
574 2324 729 2382 deuoratus
770 2322 1003 2400 tangsiGallus:
1025 2323 1137 2382 Ionriles
1151 2331 1226 2385 κ.τ.λ.
1262 2325 1288 2385 C
1299 2332 1328 2383 el

173 2415 225 2462 est.
268 2404 366 2465 *Vnde
379 2407 449 2463 rhem
465 2404 588 2464 Gallus:
618 2404 729 2462 Ioniilm
769 2406 839 2464 Asa.

173 2487 219 2543 uti
238 2489 348 2561 cuprina
362 2497 420 2564 pro
441 2488 554 2563 continge
575 2492 659 2558 nala,¹
680 2486 726 2544 Vi·
807 2487 940 2546 Ericlous
972 2488 1022 2547 uel
1053 2488 1206 2548 Eurilocus
1241 2487 1325 2548 Ionis

173 2586 239 2626 num
274 2587 359 2626 causa
382 2570 459 2647 snit,
493 2568 632 2646 anguibus
667 2587 727 2626 esca
768 2568 843 2628 filius
862 2579 944 2644 patre
963 2587 1032 2628 sene
1052 2571 1242 2646 praecipitato
1259 2588 1324 2647 reg·

173 2650 287 2710 datan*
326 2647 369 2709 G.
769 2669 840 2708 num
855 2650 1011 2725 usurpauit.
1027 2651 1077 2726 qui
1092 2651 1179 2709 etiam
1201 2652 1324 2710 nimium

656 2748 658 2754 ’
769 2742 856 2807 potus
870 2732 959 2789 filiam
974 2749 1056 2790 suam
1071 2733 1163 2791 uoluit
1178 2743 1322 2808 stuprare;

769 2813 848 2871 unde
860 2813 897 2870 ab
907 2830 1001 2888 angue
1011 2815 1200 2888 suggestione
1209 2814 1323 2873 Dianae

770 2912 845 2970 quae
865 2902 916 2952 esu
924 2895 979 2952 dea
990 2894 1148 2970 pudicitiae
1164 2895 1321 2955 deuoratus

683 3030 688 3039 ,
771 2985 823 3034 est.
865 2972 963 3033 Mure.
1322 3006 1325 3012 ·

173 3081 292 3148 Regulus
305 3087 399 3150 captus
417 3080 451 3134 ab
463 3081 608 3134 hannibale
623 3080 709 3134 fratre
727 3079 855 3148 Syphacis
873 3095 937 3146 rege
956 3085 1085 3146 cartageri
1104 3079 1200 3132 nolens
1218 3081 1321 3134 redemi

171 3169 188 3206 a
202 3153 333 3205 Rornauis
344 3153 524 3221 timensquod
538 3153 586 3221 ipsi
599 3152 697 3204 fierent
710 3152 793 3217 magis
806 3151 895 3217 ignaui
908 3150 1043 3218 palpebris
1056 3151 1173 3204 exsectis
1186 3158 1215 3203 et
1224 3152 1322 3203 excisis

171 3229 296 3276 mortuus
308 3228 366 3277 est:
384 3234 408 3276 et
421 3225 443 3278 C
521 3223 619 3276 Paulus
633 3223 773 3275 Romanus
785 3221 880 3274 consul
893 3221 927 3274 ab
940 3222 1044 3274 anibale
1057 3227 1161 3288 captus,
1175 3222 1208 3273 ab
1222 3222 1321 3274 eodem

172 3294 268 3347 missus
277 3298 319 3346 est
329 3294 446 3346 Romam
456 3301 487 3346 ut
499 3295 527 3346 in
537 3293 664 3361 capitolio
674 3309 750 3345 suam
763 3300 892 3360 quereret
904 3292 1132 3359 redemptionem.
1152 3293 1198 3360 qui
1208 3293 1322 3345 ueniens

172 3380 280 3416 romam
297 3380 349 3417 nec
366 3364 464 3416 redimi
479 3363 572 3431 (rediri
586 3363 619 3431 C)
634 3364 729 3416 uolens
746 3364 847 3416 dicitur
864 3362 935 3415 hanc
953 3364 981 3414 in
999 3362 1128 3430 capitolio
1145 3362 1321 3415 confirmasse

172 3434 347 3501 sententiam,
359 3435 499 3487 Romanus
512 3441 559 3486 aut
572 3434 665 3487 uincat
678 3435 705 3486 in
718 3433 791 3486 bello
803 3440 851 3486 aut
864 3434 1005 3485 moriatur.
1031 3439 1126 3500 postea
1138 3433 1173 3486 ad
1185 3433 1321 3486 anibalem

172 3509 315 3558 reuertens
342 3504 475 3573 palpebris
503 3505 613 3557 abscisis
646 3504 784 3557 continuis
816 3504 940 3557 creditur
963 3504 1098 3556 interiisse
1127 3504 1233 3569 uigiliis.
1281 3505 1321 3556 sic

171 3574 206 3629 ab
219 3575 307 3627 oratio
319 3576 449 3641 tangitur.
492 3577 551 3629 Non
562 3586 635 3628 extat
647 3578 674 3628 in
688 3577 719 3640 G,
733 3577 775 3628 ubi
787 3585 872 3628 tamen
884 3575 921 3628 ad
934 3575 1051 3642 puniceo
1069 3578 1264 3644 superscriptum
1282 3585 1321 3627 est

170 3645 323 3698 hannibale.
360 3645 471 3699 Scholion
490 3647 562 3714 quale
579 3649 605 3699 in
620 3648 684 3699 Ask.
702 3657 782 3711 extat,
794 3649 831 3698 sic
840 3647 902 3712 sare
912 3645 999 3710 fuisse
1015 3647 1041 3699 in
1055 3647 1175 3698 Beruensi
1193 3646 1243 3698 cod.
1259 3661 1320 3709 711,

171 3718 221 3773 nisi
231 3717 297 3784 ,quod
306 3718 333 3769 in
345 3718 389 3769 hoc
401 3719 511 3770 aberant
524 3716 602 3770 uerba
616 3716 657 3769 M.
669 3715 767 3768 Atilius
779 3717 915 3769 Merkelius
928 3719 954 3769 in
966 3716 1073 3785 epistula
1085 3717 1171 3769 adme
1183 3727 1302 3770 testatur.

206 3791 268 3852 284.
286 3783 424 3840 Merkelius
442 3789 544 3856 Proleg.
559 3787 644 3857 Apoll.
656 3787 737 3839 Rhod.
755 3802 782 3854 p.
795 3788 850 3839 xxii
870 3789 933 3840 citat
953 3807 985 3839 ex
1006 3787 1058 3840 cod.
1079 3788 1157 3840 Bern.
1176 3801 1225 3850 711
1249 3798 1327 3844 tam-z

171 3876 248 3925 quam
260 3878 278 3911 a
290 3877 317 3910 se
328 3869 430 3911 enotata
441 3859 502 3911 haec
514 3858 639 3926 quamuis
651 3857 863 3924 amplecteretur
880 3872 954 3910 aram
974 3857 1110 3910 rethesam
1126 3873 1198 3924 quae
1215 3865 1275 3911 erat
1292 3859 1329 3912 in.

171 3927 242 3980 troia
261 3927 427 3999 interfectus¹
442 3935 499 3981 est:
524 3929 587 3982 unde
604 3927 688 3981 elicias
707 3929 795 3980 iisdem
807 3929 867 3994 sere
886 3930 966 3980 uersis
987 3930 1095 3982 scholion
1116 3929 1152 3981 ibi
1179 3940 1319 3998 conceptum

167 4000 249 4064 finisse
261 4009 335 4066 atque
346 4001 372 4051 in
390 3999 442 4052 cad.
456 4000 600 4068 Salnagnii.

209 4073 269 4133 285.
288 4070 405 4123 Historia
418 4081 530 4138 suspecta
578 4067 720 4122 tessalieG
769 4070 911 4122 motemG
959 4068 981 4121 si
993 4073 1101 4136 sumpta
1113 4069 1197 4121 modo
1211 4070 1319 4123 CMure

172 4137 199 4190 si
211 4155 266 4191 non
279 4144 388 4207 sumpta
400 4139 484 4192 ruodo
497 4141 573 4193 Mure
620 4138 747 4206 Namque
758 4139 838 4191 nimis
850 4140 927 4192 Mure
975 4139 1074 4191 Monte
1087 4139 1201 4193 nimisC
1243 4141 1320 4192 ionas
1414 4184 1417 4189 ,

171 4209 194 4261 C
204 4221 232 4263 nt
243 4210 314 4279 apud
324 4211 406 4264 Schol.
416 4208 518 4263 Lucani
531 4210 573 4263 VI.
587 4227 636 4274 40²
702 4209 804 4263 Versum
818 4211 997 4264 ultimumom.
1010 4211 1086 4262 Mure
1146 4211 1319 4275 agrimantiui

170 4299 218 4335 om.
226 4278 279 4333 cod.
288 4278 359 4334 Saln.
406 4296 536 4349 praeceps
546 4281 625 4333 datus
635 4287 675 4333 est
685 4285 717 4332 ut
730 4280 767 4332 ait
781 4281 873 4332 Gallus
885 4281 936 4333 cod.
945 4281 1017 4333 Salu.
1048 4279 1159 4332 Scholion
1171 4282 1319 4345 iisdemftre

170 4350 252 4403 uerbis
270 4354 392 4421 scriptum
407 4354 487 4416 fuisse
503 4355 530 4404 in
548 4352 841 4418 cod.Bern.711atque
858 4354 884 4404 in
902 4351 953 4404 cod.
967 4352 1038 4404 Saln.
1051 4359 1160 4404 testatur
1173 4350 1317 4415 Merkelius,

172 4423 214 4490 qui
225 4423 281 4475 inde
292 4425 403 4475 cnotauit
414 4422 483 4474 filius
494 4421 601 4490 perpeti
614 4419 749 4489 agriuta(o
759 4420 823 4488 l)uti
835 4421 863 4472 in
876 4421 954 4474 ultra.

208 4497 267 4553 287.
287 4493 503 4561 ilistoriafiaticia
533 4493 701 4545 eurilocusG
736 4491 821 4561 queC
852 4493 897 4542 Ex
908 4490 1321 4555 Bern.711enotaratMerkelins

172 4564 298 4631 euryalus
306 4560 363 4618 ioni
376 4562 444 4617 filius
457 4563 521 4632 quia
533 4563 614 4616 filiam
627 4562 745 4633 stuprari
756 4572 781 4616 et
793 4567 857 4615 exta
869 4562 959 4630 datur,
972 4571 1054 4616 cetera
1067 4573 1095 4616 ut
1107 4563 1172 4615 Asi.
