3038 5010
197 381 255 438 144
598 378 944 444 COMMENTARIVS.

193 551 283 590 arma
293 540 467 590 uocantem.
504 535 635 604 Apollod.
646 535 673 592 ii.
684 548 734 603 7.7
749 538 858 606 Διεξιῶν
869 536 898 590 δέ
909 535 1041 604 Ἡρακλῆς
1052 535 1098 605 τῆν
1111 539 1237 608 Δρυόπων
1248 539 1345 610 χώραν,

192 605 297 677 ἀπορῶν
322 607 431 675 τροφῆς,
458 604 651 673 ἀπαντήσαντος
676 608 865 676 θειοδάμαντος
887 609 1078 675 βοηλατοῦντος
1101 610 1146 662 τὸν
1176 607 1264 679 ἕτερον
1294 615 1347 664 τῶν

193 676 293 764 rapport
313 675 397 730 λύσας
417 674 575 746 εὐωχῆσατο.
612 677 646 732 ὧς
666 676 695 730 δὲ
715 675 794 745 ῆλθεν
811 679 848 733 εἷς
864 681 977 748 Τραχῖνα
997 680 1062 748 πρὸς
1080 677 1174 746 Κῆυκα,
1193 679 1346 750 ὑποδεχθεὶς

193 767 229 799 υπ
266 746 345 800 αὐτοῦ
378 745 497 814 Δρύοπας
531 747 747 816 κατεπολέμησεν.
801 747 873 803 αὖθις
903 749 931 801 δὲ
960 748 1056 802 ε’κεῐθεν
1085 750 1205 818 ὁρμηθεὶς
1235 751 1345 822 Δι’γιμέῳ

193 819 301 881 βασιλεῖ
319 816 437 885 Δωριέων
458 818 632 888 συνεμάχησε.
671 818 752 873 Idem
772 829 867 873 narrat
886 818 1053 888 Apollonius
1072 817 1089 874 i.
1112 833 1275 890 1213-1219,
1295 821 1343 876 ubi

184 887 346 942 scholiasta
360 904 419 942 rem
439 886 479 941 sic
496 887 631 956 explicat:
652 889 805 943 Herculem
824 902 888 943 cum
905 889 933 943 iri
948 888 1105 959 Dryopiam
1123 889 1256 958 uenisset,
1270 908 1345 961 quae

192 957 271 1026 regio
284 966 327 1013 est
344 957 519 1012 contermina
533 957 638 1025 Maliis,
650 969 680 1013 ut
696 960 783 1028 Hyllo
795 959 852 1014 filio
869 970 897 1014 et
912 959 1016 1014 Lichae
1035 960 1110 1014 fame
1128 960 1265 1015 confectis
1278 979 1344 1032 sup-

193 1028 284 1109 petias
303 1027 363 1097 iret,
376 1045 394 1083 a
406 1027 614 1083 Thiodamante
632 1029 727 1084 cibum
743 1030 867 1099 petiisse,
879 1047 972 1100 neque
989 1030 1026 1084 ab
1043 1047 1077 1085 eo
1094 1030 1201 1086 tulisse.
1238 1048 1295 1101 qua
1312 1050 1344 1088 re

193 1098 371 1166 indignatum
382 1116 470 1153 unum
482 1116 517 1153 ex
528 1098 621 1154 bubus
634 1099 851 1154 Thiodamantis
864 1111 1013 1168 mactasse,
1027 1117 1092 1154 mox
1102 1100 1343 1157 Thiodamantem

192 1169 305 1223 uenisse
318 1186 382 1223 cum
395 1169 453 1223 suis
470 1180 498 1224 et
516 1167 544 1223 in
561 1180 672 1224 tantum
684 1170 799 1239 periculi
819 1170 970 1225 adduxisse
984 1171 1138 1225 Herculem
1150 1181 1181 1225 ut
1198 1189 1267 1225 uxor
1282 1173 1343 1228 eius

194 1239 331 1294 Deianira
348 1257 428 1294 arma
445 1256 496 1309 pro
515 1239 576 1293 uiro
595 1250 694 1295 contra
712 1243 844 1310 Dryopas
863 1250 1003 1296 sumeret:
1028 1240 1120 1295 donec
1138 1240 1205 1296 uicti
1224 1243 1343 1298 tandem

192 1310 275 1364 sedes
288 1320 437 1378 mutarent,
451 1310 625 1365 Thiodamas
643 1321 738 1365 autem
757 1311 844 1364 filium
859 1313 954 1380 Hylan
974 1311 1104 1366 obsidem
1118 1311 1234 1367 Herculi
1252 1313 1342 1370 daret.

191 1383 264 1436 488.
282 1384 492 1435 inhumanum
509 1380 666 1448 ‘churlish,'
684 1380 883 1451 inhospitalem
906 1381 972 1451 quia
994 1382 1133 1436 Hercules
1157 1383 1223 1446 βοῦν
1246 1382 1343 1451 ἀρότην

191 1454 287 1521 ἤνωγε
311 1450 512 1521 παρασχέμεν
536 1452 590 1504 οὐκ
614 1451 771 1504 ε’θέλοντα.
808 1453 861 1520 Ap.
876 1453 911 1507 R.
924 1451 942 1506 i.
958 1464 1034 1518 1217.
1086 1455 1212 1518 Dryops
1236 1470 1341 1509 nomen

191 1521 292 1590 gentis
308 1532 338 1576 ut
351 1521 497 1590 Aethiops.
534 1521 665 1591 Dymans
683 1522 759 1591 quod
777 1522 890 1577 exhibet
909 1524 990 1577 Conr.
1011 1522 1047 1576 de
1066 1524 1148 1577 Mure
1167 1524 1287 1578 fortasse
1305 1542 1342 1579 ex

191 1602 246 1646 uet
261 1593 367 1661 codice,
381 1591 445 1646 licet
458 1610 493 1647 ex
506 1593 602 1661 Steph.
618 1593 681 1661 Byz.
696 1609 718 1646 s.
728 1609 755 1647 u.
768 1595 883 1661 Δομᾶνει
895 1591 1080 1662 interpretari.
1116 1593 1233 1663 Αῖγίμιος
1248 1591 1279 1660 ἢν
1291 1600 1342 1649 τῶν

190 1663 250 1733 περὶ
266 1663 312 1730 τῆν
325 1661 402 1730 Οἴτην
414 1661 533 1730 Δωριέων
547 1660 681 1726 βασιλεύς.
718 1664 783 1731 ἔσχε
799 1663 827 1716 δὲ
843 1662 889 1716 δύο
904 1663 997 1718 παῖδας
1012 1663 1160 1732 Πάμφυλον
1174 1666 1215 1718 καὶ
1227 1667 1341 1734 Δυμᾶνα,

191 1736 232 1786 καὶ
256 1735 301 1787 τὸν
324 1738 369 1787 τοῦ
389 1731 549 1803 Ἡρακλέους
563 1730 664 1786 Ὕλλον
687 1731 827 1799 έποιῆσατο
851 1734 946 1803 τρίτον,
970 1734 1047 1803 χάριν
1070 1733 1209 1789 ἀποδιδοὺς
1231 1733 1286 1787 ἀνθ’
1306 1736 1342 1789 ὧν

189 1801 321 1873 Ἡρακλῆς
343 1804 523 1857 ἐκπεπτωκότα
546 1802 695 1875 κατῆγαγεν.
739 1805 869 1874 Dymans
890 1803 906 1859 i.
926 1820 952 1873 q.
978 1806 1133 1872 DymaneS,
1157 1804 1184 1859 h.
1201 1821 1225 1859 e.
1250 1804 1340 1860 tribus

190 1875 237 1928 uel
249 1874 327 1929 natio
339 1890 437 1928 eorum
450 1873 497 1944 qui
514 1890 532 1927 a
545 1875 678 1942 Dymane
694 1873 747 1928 orti
764 1885 838 1929 sunt.
876 1874 915 1928 Hi
929 1875 1070 1943 finguntur
1082 1876 1186 1928 uidisse
1199 1874 1251 1943 (sic
1263 1876 1340 1930 enim

190 1945 257 2014 legit
276 1945 369 2013 Mure)
385 1947 612 1999 Thiodamanta
629 1949 665 1998 in
683 1961 771 1999 arma
785 1952 952 1999 uocantem
970 1962 1045 2011 suos,
1058 1955 1143 2015 atque
1161 1945 1215 2014 ipsi
1234 1946 1340 2000 bellum

189 2032 241 2084 pro
256 2016 379 2070 Hercule
391 2015 497 2069 cientes
514 2019 626 2070 domiti
641 2014 744 2071 fuisse:
764 2031 857 2084 neque
875 2015 906 2069 id
923 2032 992 2070 sane
1010 2016 1142 2070 abhorret
1159 2016 1196 2070 ab
1215 2015 1249 2070 iis
1266 2033 1340 2086 quae

189 2103 208 2140 a
225 2087 318 2141 Schol.
331 2085 473 2155 Apollonii
491 2086 646 2140 traduntur.
800 2089 871 2142 489.
895 2089 989 2140 ferus.
1033 2088 1104 2140 Aen.
1117 2084 1174 2141 viii.
1190 2100 1240 2156 194
1256 2089 1341 2142 semi-

188 2156 312 2210 hominis
340 2158 413 2224 Caci,
438 2156 489 2222 267
514 2157 645 2226 semiferi.
691 2155 811 2210 Ouidius
840 2161 997 2210 monstrum
1026 2156 1149 2224 appellat
1174 2157 1206 2211 F.
1235 2156 1251 2211 i.
1279 2170 1340 2226 554.

189 2232 345 2281 mactatus
366 2226 447 2281 claua
469 2228 500 2280 F.
523 2225 541 2281 i.
565 2238 622 2295 575,
646 2226 728 2295 Prop.
748 2225 784 2281 iv.
805 2241 829 2295 9.
853 2239 892 2294 15,
915 2239 953 2293 17.
999 2232 1091 2280 antro
1110 2226 1182 2280 Aen.
1201 2226 1257 2282 viii.
1277 2241 1339 2296 217,

190 2299 273 2367 Prop.
284 2296 318 2351 iv.
330 2311 355 2365 9.
365 2311 390 2365 9.
421 2297 592 2366 Speluncam
604 2295 700 2351 dicunt
710 2297 850 2365 Vergilius
859 2298 929 2352 Aen.
938 2296 994 2350 viii.
1006 2311 1063 2365 192,
1077 2296 1197 2351 Ouidius
1205 2299 1239 2357 F.
1248 2297 1266 2352 i.
1279 2310 1337 2367 555.

189 2370 261 2422 490.
279 2371 419 2422 inclusae
443 2368 515 2422 Aen.
536 2367 591 2421 viii.
615 2372 673 2434 217'
687 2368 824 2421 Reddidit
845 2385 910 2422 una
933 2367 1031 2421 boum
1055 2384 1148 2421 uocem
1172 2377 1338 2437 uastoque

188 2438 249 2492 sub
268 2448 365 2492 antro
382 2438 537 2508 Mugiitet
549 2439 618 2491 Caci
632 2441 708 2507 spem
720 2438 858 2491 custodita
867 2438 982 2506 fefellit.
1033 2442 1073 2491 ab
1092 2455 1145 2492 ore
1163 2446 1193 2492 ut
1212 2439 1339 2493 uiolatus
1405 2470 1409 2477 ·

188 2511 223 2562 ab
235 2526 303 2590 arcu
318 2507 444 2590 Fontiii.
458 2519 480 2576 5.
490 2523 507 2574 4
511 2521 534 2588 5,
544 2509 656 2562 tabulae
657 2508 815 2576 feriuntur
824 2509 859 2561 ab
871 2509 957 2589 undas
969 2506 1053 2562 Trist.
1067 2507 1088 2561 i.-
1098 2523 1121 2561 2.
1135 2520 1169 2574 47
1181 2518 1211 2589 et
1224 2509 1337 2589 saepius

188 2577 1338 2719 tttllllmiittt¹thiathori.lhtothttttlltal

187 2720 328 2775 tinctam
343 2720 481 2774 Centauri
489 2721 629 2790 sanguine
640 2720 763 2773 Herculi
773 2721 826 2789 qui
827 2720 929 2790 ferret,
942 2722 1053 2773 nomme
1064 2719 1182 2773 Licham
1185 2720 1337 2800 famulum

186 2794 274 2846 misit.
309 2807 438 2846 ueneno.
466 2789 592 2845 Moriens
601 2792 710 2844 Nessus
720 2789 886 2844 Deianiram
898 2789 1017 2844 iusserat
1027 2806 1125 2844 semen
1134 2789 1171 2843 ab
1184 2807 1246 2859 ipso
1256 2790 1335 2844 humi

187 2863 340 2931 profusum,
354 2879 418 2916 cum
436 2878 501 2916 earn
519 2860 576 2914 iam
594 2859 651 2914 iam
664 2859 817 2914 uiolaturus
834 2870 917 2929 esset,
930 2859 1067 2929 sanguine
1080 2860 1203 2914 uulneris
1216 2860 1336 2916 miscere

187 2950 243 3003 quo
262 2934 299 2987 ab
319 2932 442 2986 Hercule
460 2931 577 2986 affectus
596 2939 678 2986 esset.
715 2931 845 3001 Apollod.
866 2929 893 2985 ii.
915 2943 939 2997 7.
958 2931 975 2984 6
994 2925 1071 2986 Εἶπεν
1088 2930 1111 2982 εἰ
1132 2930 1205 2984 θελοι
1222 2931 1336 3001 φιλτρον

186 3005 252 3073 πρὸς
264 3001 395 3074 Ἡρακλέα
413 3003 490 3072 ἔχειν,
502 3004 549 3056 τόν
565 3022 593 3054 τε
611 3004 689 3071 γόνον
707 2999 737 3054 ὃν
754 3001 837 3070 ἀφῆκε
853 3002 915 3054 κατὰ
932 3001 978 3068 τῆς
993 3001 1040 3068 γῆς
1058 3000 1099 3054 καὶ
1116 3002 1146 3054 τὸ
1163 2999 1224 3069 ῥυὲν
1241 3002 1270 3053 ἐκ
1287 3005 1336 3055 τοῦ

186 3074 330 3144 τραύματος
342 3069 403 3139 αἷμα
416 3075 550 3142 συμμῖξαι.
589 3072 630 3127 Cf.
643 3071 727 3126 Diod
738 3071 773 3126 iv.
783 3072 825 3140 36,
840 3072 925 3141 Soph.
941 3071 1042 3125 Trach.
1054 3083 1185 3140 714·717,
1195 3072 1335 3140 831-833:

186 3156 214 3199 et
227 3145 293 3198 uide
305 3144 481 3198 Wunderum
494 3144 532 3198 ad
544 3143 645 3197 Trach.
659 3159 685 3212 p.
699 3157 742 3208 40.
822 3145 893 3196 492.
905 3145 1031 3196 nomine
1043 3144 1119 3196 feeit
1130 3159 1165 3196 ex
1178 3143 1204 3196 G
1216 3141 1335 3198 restitui.
1360 3201 1369 3217 .

185 3215 335 3269 Ablatiuus
353 3214 465 3269 uidetur
482 3231 546 3268 esse
564 3212 588 3267 is
607 3212 654 3282 qui
673 3212 702 3266 in
716 3215 747 3267 F.
768 3211 804 3266 iii.
824 3213 858 3266 88
876 3214 987 3266 Mensis
1005 3214 1036 3266 in
1054 3212 1100 3266 hri
1119 3213 1205 3266 etiam
1222 3214 1336 3266 nomine

184 3287 295 3339 Martis
306 3286 368 3353 erit,
377 3284 403 3338 ii.
415 3284 467 3351 436
476 3284 596 3338 Iunorus
608 3299 727 3354 magnae
739 3285 851 3337 nomine
862 3283 943 3336 lucus
954 3288 1023 3337 erat.
1053 3280 1221 3350 intelligitur
1232 3281 1334 3337 Lichas

185 3367 266 3426 petra
278 3355 332 3424 (M.
344 3355 379 3409 in
391 3355 450 3423 226,
465 3356 539 3422 Hyg.
551 3353 596 3422 36)
610 3354 670 3408 siue
684 3353 823 3407 Lichades
835 3353 944 3407 insulae
959 3353 1062 3422 (Strab.
1074 3353 1135 3422 426,
1149 3351 1220 3407 Plin.
1230 3351 1265 3407 iv.
1276 3351 1333 3421 62).

178 3429 254 3483 493.
272 3428 439 3491 praecipiti
459 3441 542 3480 saxo.
581 3424 771 3479 Callimachus
791 3423 859 3478 dicit
879 3421 925 3495 ἀφ’
946 3423 1051 3492 ὑψηλοῦ
1071 3423 1176 3493 τείχεος,
1194 3422 1333 3491 Agathias

184 3499 217 3551 A.
233 3498 263 3552 P.
276 3497 311 3551 xi.
326 3508 384 3565 354.
406 3497 436 3550 18
449 3494 551 3566 τεγέων,
566 3494 665 3549 Cicero
679 3497 733 3549 Pro
753 3496 859 3549 Scauro
873 3494 919 3561 §4
937 3511 973 3547 er
988 3494 1126 3548 altissimo
1144 3510 1234 3561 muro,
1247 3495 1332 3548 Tusc.

185 3567 267 3638 Disp.
287 3567 304 3622 i.
322 3581 363 3635 34
384 3566 419 3632 84
436 3583 451 3620 e
468 3582 549 3619 muro
566 3567 598 3619 in
617 3583 702 3634 mare,
721 3565 883 3620 Lactantius
902 3563 939 3618 iii.
957 3565 987 3618 18
1004 3565 1185 3634 praecipitem
1203 3580 1232 3617 se
1248 3563 1332 3619 dedit.

183 3641 257 3694 494.
280 3641 336 3702 qui
361 3636 565 3691 Cleombrotus.
616 3636 805 3692 Callimachus
835 3635 864 3689 in
889 3637 923 3690 A.
947 3636 977 3690 P.
1001 3634 1047 3689 vii.
1073 3646 1123 3700 471
1150 3631 1232 3688 Εἴποι·
1250 3631 1333 3687 Ἥλιε

183 3710 258 3777 χαῖρε
277 3709 461 3776 Κλεόμβροτος
478 3706 660 3775 ὣμβρακιόιτης
672 3704 768 3761 Ἥλατ’
786 3705 833 3774 ἀφ’
851 3705 957 3775 ὑψηλοῦ
975 3705 1074 3773 τείχεος
1091 3704 1127 3758 εἷς
1138 3700 1333 3771 Ἀόδην,”Αξιον

183 3778 259 3831 οὐδέν
271 3778 332 3830 ἰδὼν
344 3778 453 3831 θανάτου
465 3779 549 3844 κακόν,
557 3776 572 3844 ῆ
581 3777 611 3830 τὸ
621 3770 814 3831 ΠλάτωνοςἛν
822 3777 852 3830 τό
864 3777 923 3842 περὶ
929 3776 1019 3846 ψυχῆς
1030 3774 1127 3845 γράμμ’
1134 3773 1332 3843 ἀναλεξάμενος.

183 3847 322 3916 Agathias
335 3849 369 3901 A.
384 3849 415 3903 P.
427 3846 463 3900 xi.
477 3860 535 3916 354
554 3861 583 3915 17
597 3847 628 3900 El
641 3845 663 3900 δ’
676 3848 783 3908 έθελεις,
796 3846 840 3899 τὸν
851 3847 930 3900 παῖδα
943 3847 1127 3915 Κλεόμβροτον
1137 3842 1333 3914 Ἀμβρακιώτην

184 3921 280 3984 Μιμοῦ,
293 3918 333 3971 καὶ
344 3918 439 3988 τεγέων
452 3919 500 3971 σὸν
513 3918 590 3986 δέμας
601 3917 756 3987 έκχάλασον.
785 3915 843 3971 Cic.
853 3918 937 3971 Tusc.
946 3916 1028 3985 Disp.
1037 3915 1053 3970 i.
1065 3931 1107 3983 34.
1115 3916 1149 3981 84
1163 3915 1335 3970 Callimachi

182 3989 294 4058 quidem
306 3989 481 4059 epigramma
492 3989 524 4041 in
536 3987 747 4042 Ambraciotam
761 3987 962 4042 Cleombrotum
974 3992 1034 4041 est:
1053 4003 1134 4056 quem
1146 3987 1196 4053 ait,
1209 4002 1293 4056 quom
1305 4004 1331 4040 ee

182 4059 260 4113 nihil
274 4060 417 4113 accidisset
433 4060 581 4125 aduersi,c
597 4076 679 4112 muro
696 4076 724 4112 se
741 4060 773 4111 in
790 4074 868 4111 mare
882 4059 1009 4111 abz'ecisse
1024 4057 1093 4111 lecto
1103 4057 1234 4110 Platonis
1250 4056 1329 4113 libro.

183 4130 238 4183 Pro
261 4130 367 4183 Scauro
386 4130 400 4197 §
421 4143 438 4195 4
458 4129 504 4182 At
524 4130 658 4183 Graeculi
671 4130 783 4198 quz‘dem
805 4128 896 4181 multa
911 4130 1040 4198 fingunt,
1058 4128 1140 4197 apud
1156 4143 1225 4196 quos
1244 4128 1330 4181 ettam

183 4199 385 4254 Cleombrotum
397 4199 425 4253 A
428 4200 608 4253 mbraciotam
611 4200 717 4269 ferunt
726 4216 755 4252 se
766 4216 802 4252 ex
812 4199 949 4252 altissimo
957 4199 1159 4268 praecipitasse
1170 4214 1260 4264 muro,
1273 4214 1332 4252 noa

181 4287 237 4340 quo
254 4270 413 4324 acerbitatis
430 4271 575 4339 accepisset
592 4270 711 4339 aliquid,
729 4270 783 4337 sed,
803 4275 836 4322 ut
853 4269 934 4322 uia’eo
951 4270 1088 4338 scriptum
1105 4268 1187 4338 apud
1203 4268 1330 4336 Graecos,

180 4357 244 4396 cum
261 4341 368 4394 summi
379 4340 545 4410 philosophi
562 4341 694 4395 Platonis
707 4341 843 4409 grauiter
860 4345 888 4392 et
905 4345 1002 4392 ornate
1019 4341 1156 4408 scriptum
1173 4338 1278 4392 librum
1296 4339 1331 4393 de

181 4417 270 4465 morte
280 4411 398 4482 legisset,
407 4412 439 4465 in
451 4428 513 4481 quo,
527 4417 561 4465 ut
571 4411 679 4480 opinor,
689 4410 818 4463 Socrates
829 4410 880 4463 illo
892 4411 953 4480 ipso
964 4410 1016 4477 die,
1026 4426 1081 4478 quo
1092 4415 1154 4463 erat
1165 4411 1193 4462 ei
1203 4409 1329 4462 moriun-

180 4482 257 4553 dum,
271 4482 417 4554 permulta
434 4482 570 4554 disputat,
583 4480 656 4537 hanc
672 4496 728 4534 esse
743 4485 859 4536 mortem
876 4497 962 4550 quam
978 4497 1029 4536 nos
1045 4482 1136 4536 urtam
1150 4483 1328 4551 putaremus,
