3038 5010
183 383 240 438 166
325 376 334 391 ’
581 371 929 433 COMMENTARIVS.

179 536 257 589 bant.
312 534 489 588 simulacra
528 529 646 584 Palladii
665 539 694 585 et
712 529 858 600 ἀρχέτυπον
876 539 904 585 et
923 528 1018 600 imago
1036 531 1203 585 seruabatur
1220 529 1333 601 Troiae,

181 605 301 672 Dionys,
320 602 416 672 Antiq.
436 604 519 656 Rom.
537 600 554 655 i.
567 601 602 670 69
619 617 663 670 ap.
683 600 787 655 Kinkel
807 603 861 671 Ep.
879 603 991 670 Fragm.
1010 617 1036 670 p.
1055 613 1095 669 so
1134 602 1192 656 Sed
1211 602 1333 657 Ouidius

180 677 253 730 solet
265 673 409 744 pluraliter
420 673 575 726 simulacra
586 687 692 741 ponere
704 671 752 726 ubi
769 689 857 726 unum
869 681 979 726 tantum
992 671 1162 741 intelligitur,
1177 675 1218 727 M.
1231 691 1257 726 x.
1271 674 1334 727 280.

180 749 248 800 618.
266 747 394 798 Aulidis
406 759 427 797 a
437 749 533 809 portu
545 743 710 797 struendum
723 760 787 796 cum
805 747 876 806 lter,
888 759 945 796 non
958 759 1023 796 cum
1035 746 1140 798 uertit.
1177 742 1265 811 ‘May
1276 761 1333 813 you
1371 808 1375 813 .

181 817 267 871 suffer
279 817 328 870 the
343 815 401 868 fate
416 814 449 868 ot
461 815 509 868 the
522 812 648 867 ravisher
662 813 694 866 of
707 814 755 867 the
768 813 935 882 Palladium,
948 814 1011 866 who
1023 813 1125 867 turned
1137 813 1217 867 aside
1229 815 1278 868 the
1291 813 1333 867 ill·

180 885 350 942 considered
363 885 483 954 joumey
494 885 567 938 from
579 881 667 937 Aulis'
680 884 818 938 harbour!
852 884 972 938 Videtur
988 893 1100 953 tempus
1118 884 1259 954 respicere
1276 900 1333 1007 3:10

181 955 388 1026 Agamemnoni
397 954 532 1008 inAulide
542 954 757 1023 tempestatibus
765 972 816 1023 per
823 953 1011 1008 iramDianae
1018 964 1204 1022 retenturum
1214 956 1282 1009 Calc
1300 972 1334 1008 as

180 1028 269 1081 scelus
277 1026 388 1095 (ceruae
396 1024 528 1093 uiolatae)
537 1025 995 1095 respondissetaliterexpiam‘non
999 1029 1081 1095 posse
1088 1027 1147 1078 nisi
1151 1024 1333 1095 Iphigeniam

172 1099 272 1169 filiam
288 1096 459 1150 immolasset
474 1105 502 1149 et
520 1112 551 1149 re
567 1097 667 1149 audita
679 1095 876 1166 Agamemnon
892 1112 1021 1150 recusare
1032 1095 1185 1167 coepisset,
1197 1097 1333 1164 Vlysses

182 1186 256 1222 eum
268 1166 421 1221 consiliis
434 1165 476 1220 ad
492 1182 559 1219 rem
577 1168 723 1235 pulcram
740 1166 923 1234 transtulit,
936 1176 1039 1220 etcum
1052 1167 1187 1220 Diomede
1204 1167 1244 1220 ad
1253 1166 1332 1236 Iphi·

176 1239 294 1310 geniam
307 1239 409 1290 missus
420 1242 461 1290 est
476 1237 674 1304 adducendam,
687 1239 812 1306 quicum
824 1238 865 1291 ad
875 1238 1123 1306 Clytaemnestram
1136 1242 1254 1290 matrem
1273 1238 1334 1290 eius

181 1311 331 1374 uenissent,
349 1309 502 1361 ementitur
523 1308 628 1376 Vlysses
647 1325 709 1361 eam
726 1307 840 1361 Achilli
857 1309 897 1360 in·
910 1309 1073 1377 coniugium
1091 1308 1160 1361 dari
1175 1308 1262 1376 (Hyg.
1277 1307 1332 1376 98).

181 1382 253 1434 leue
270 1383 331 1433 iter
343 1388 386 1432 est
396 1377 619 1447 Agamemnonis
632 1387 660 1431 et
674 1379 846 1432 Graecorum
859 1395 894 1431 ex
905 1378 1016 1446 Aulide,
1030 1378 1106 1448 quod
1124 1377 1333 1432 inconsiderate

182 1450 322 1520 parabant
335 1449 427 1503 facere
440 1449 571 1502 obstante
585 1448 680 1502 Diana
692 1465 726 1501 ac
738 1447 968 1517 tempestatibus:
990 1448 1049 1502 Cic.
1062 1449 1098 1502 de
1110 1448 1198 1503 diuin.
1210 1448 1229 1503 i.
1245 1448 1284 1502 16.
1297 1463 1333 1516 29

181 1521 260 1591 quod
268 1520 360 1573 eodem
372 1519 452 1573 modo
464 1520 558 1572 euenit
569 1518 798 1589 Agamemnoni:
818 1521 871 1588 qui
883 1535 946 1572 cum
958 1518 1069 1573 Aclu‘ui
1078 1521 1228 1589 coepissent
1240 1519 1334 1572 Inter

183 1608 257 1645 sese
270 1600 418 1659 strepere
431 1598 610 1658 aperteque
623 1599 728 1643 artem
741 1589 893 1644 obterere
905 1589 1113 1659 extispicum,
1127 1590 1265 1644 Soluere
1278 1589 1332 1642 im·

183 1670 277 1730 perat
296 1660 442 1714 secundo
460 1676 590 1713 rumore
608 1659 817 1728 aduersaque
835 1658 900 1714 aui.
939 1661 1005 1714 Hoc
1023 1659 1076 1714 iter
1091 1661 1209 1728 Vlysses
1226 1663 1333 1727 uertit,

182 1733 241 1787 h.e.
254 1730 320 1786 fecit
333 1740 362 1785 ut
375 1730 412 1784 ab
425 1746 459 1784 eo
471 1738 677 1784 reuerterentur
689 1747 780 1800 neque
793 1739 859 1784 ante
872 1740 1042 1799 temptarent
1055 1747 1141 1800 quam
1152 1731 1266 1799 placata
1278 1730 1334 1784 dea

183 1811 268 1856 esset.
306 1803 369 1855 Nec
387 1810 493 1854 temere
511 1801 629 1869 Vlysses
648 1800 689 1854 sic
707 1800 856 1869 inducitur,
869 1817 937 1854 nam
955 1811 983 1855 et
1002 1800 1031 1854 in
1049 1802 1104 1854 hoc
1121 1800 1235 1870 incepto
1254 1809 1284 1854 ut
1302 1799 1332 1854 iu

184 1871 313 1927 Palladio
337 1871 457 1925 furando
481 1880 509 1925 et
534 1870 562 1924 in
588 1870 748 1925 Palamedis
772 1881 863 1926 morte
890 1888 954 1926 cum
980 1871 1122 1926 Diomede
1146 1871 1333 1940 coniungitur.

182 1961 204 1998 a
221 1949 325 2009 portu.
364 1942 489 2010 Hesych.
509 1941 536 1995 ἐς
554 1941 659 1996 Αὐλίδα·
684 1942 711 1996 ἐς
730 1943 830 2010 λιμένα.
867 1942 933 1996 Sen.
953 1942 1032 1996 Med.
1050 1943 1101 1996 622
1123 1942 1212 1996 Aulis
1235 1942 1338 1995 amissi

183 2031 292 2067 memor
300 2013 366 2067 inde
381 2014 456 2083 regis
467 2012 609 2066 Portubus
622 2012 707 2067 lentis
718 2014 820 2067 retinet
830 2015 944 2066 cannas
959 2018 1036 2066 stare
1050 2018 1200 2082 querentes.
1236 2016 1336 2066 uertit

183 2087 254 2139 iter.
287 2085 357 2137 Aen.
380 2102 406 2137 v.
428 2097 462 2135 22
486 2086 602 2152 superat
624 2085 758 2152 quoniam
780 2084 899 2150 fhrtuna
922 2100 1081 2152 sequamur,
1105 2084 1220 2152 Quoque
1243 2088 1334 2150 uocat,

184 2161 331 2208 uertamus
351 2155 413 2207 iter.
450 2152 514 2207 Tib.
530 2152 547 2207 i.
562 2168 586 2207 2.
599 2154 635 2219 46
653 2154 800 2207 Fluminis
816 2154 883 2207 lraec
900 2155 1001 2223 rapido
1019 2155 1144 2208 carmine
1162 2155 1251 2207 uertit
1270 2155 1333 2207 iter.

185 2227 257 2279 Met.
270 2224 298 2278 ii.
314 2237 366 2291 730
383 2224 473 2277 Vertit
489 2225 545 2276 iter
555 2224 682 2293 caeloque
695 2226 771 2294 petit
787 2230 899 2278 terrena
915 2225 1020 2280 relicto.
1056 2226 1138 2278 Pont.
1150 2223 1185 2278 iv.
1198 2239 1223 2290 4.
1238 2238 1273 2277 20
1284 2223 1339 2277 Ad

179 2301 279 2366 gentes
287 2294 362 2347 alim
372 2293 439 2347 liinc
446 2293 498 2347 dea
507 2296 594 2347 uertit
605 2297 667 2348 iter.
686 2295 711 2348 6.
721 2295 757 2360 46
765 2296 840 2348 Ister
846 2296 883 2348 ln
893 2299 979 2365 caput
986 2296 1105 2348 Eum'no
1113 2295 1146 2349 de
1158 2311 1237 2348 mare
1244 2299 1337 2347 uertet

184 2367 247 2420 iter.
285 2366 357 2418 Tac.
369 2363 444 2417 Hist.
457 2363 514 2418 ii.2
533 2366 627 2418 Fuere
649 2366 702 2434 qui
723 2382 865 2418 accensum
890 2367 1025 2420 desiderio
1050 2366 1196 2419 Berenices
1220 2367 1336 2435 reginae

184 2437 302 2489 uertisse
319 2437 376 2488 iter
393 2434 541 2488 crederent.
580 2434 678 2489 lustin.
697 2435 769 2490 xxiv.
788 2436 805 2489 6
823 2436 948 2506 Delphos
964 2438 1022 2490 iter
1037 2437 1131 2490 uenit.
1169 2437 1213 2489 Ex
1231 2435 1334 2505 quibus

186 2514 304 2576 apparet
316 2511 424 2558 uertere
435 2506 492 2558 iter
508 2521 565 2558 non
583 2522 647 2560 esse
664 2505 681 2560 i.
692 2521 718 2574 q.
734 2505 786 2560 iter
800 2506 928 2576 dirigere,
942 2506 994 2561 sed
1009 2516 1057 2561 aut
1073 2505 1183 2575 regredi
1196 2516 1244 2560 aut
1257 2515 1334 2560 certe

184 2576 239 2631 iter
257 2576 293 2630 ab
310 2575 365 2629 alia
386 2574 502 2644 regione
522 2574 551 2628 in
570 2575 655 2630 aliam
676 2586 793 2631 mutare.
829 2579 875 2630 An
897 2577 990 2647 potius
1008 2575 1183 2645 significatur
1200 2577 1335 2645 Acamas,

186 2647 259 2701 lilius
284 2645 397 2714 Thesei,
421 2646 507 2700 frater
532 2647 784 2715 Demophoontis?
816 2647 872 2701 Hic
898 2646 974 2701 enim
998 2657 1151 2717 antequam
1173 2646 1275 2702 Graeci
1300 2665 1336 2701 ex

185 2717 289 2772 Aulide
311 2717 431 2770 classem
453 2717 603 2784 soluerent,
622 2716 725 2771 missus
749 2727 792 2772 est
811 2717 927 2772 Troiam
947 2734 1011 2771 cum
1031 2717 1172 2772 Diomede
1191 2719 1335 2772 Helenam

185 2788 354 2858 repetiturus
377 2787 520 2856 (Parthen.
543 2788 621 2843 Erot.
640 2787 694 2856 xvi,
716 2790 806 2843 Tzetz.
828 2789 866 2843 ad
891 2791 958 2857 Lyc.
979 2801 1041 2856 447,
1059 2788 1133 2858 495),
1152 2787 1248 2859 ibique
1269 2805 1335 2842 cum

187 2859 312 2913 Laodice
336 2874 395 2912 rem
421 2857 527 2912 habuit.
569 2859 633 2927 Quo
658 2875 693 2911 ex
716 2858 816 2914 itinere
838 2876 905 2913 cum
929 2858 1049 2913 redisset
1072 2860 1209 2928 ἄπρακτος,
1233 2858 1336 2913 merito

186 2929 324 2984 dicendus
343 2937 403 2983 erat
421 2932 499 2995 leue,
518 2929 545 2982 h.
554 2946 578 2983 e.
598 2928 694 2982 inutile
712 2933 773 2983 lter
790 2934 931 2985 uertisse.
971 2932 1033 2983 lam
1051 2928 1097 2983 hic
1116 2928 1192 2984 idem
1210 2929 1336 2983 Acamas

186 3017 251 3054 curn
264 3000 399 3054 intereos
411 2999 493 3053 fuerit
506 2998 553 3068 qui
566 2999 687 3053 Athenis
703 2999 807 3069 egressi
822 3002 947 3055 Graecos
960 3017 1024 3054 cum
1038 3000 1166 3055 Palladio
1184 3000 1336 3055 redeuntes

186 3071 274 3125 Troia
292 3069 384 3124 adorti
402 3078 467 3123 sunt
487 3069 627 3138 (Eustath.
652 3085 726 3139 1419.
746 3083 786 3139 55,
806 3087 890 3140 quem
908 3072 1002 3125 locum
1021 3069 1050 3124 in
1070 3072 1197 3125 Excursu
1216 3069 1336 3139 addidi),

187 3140 317 3211 quamuis
330 3140 360 3193 id
376 3139 480 3195 inuitus
497 3140 603 3208 fecerit,
615 3139 756 3195 uiolauit
775 3140 952 3196 simulacra
970 3140 1151 3196 Mineruae.
1184 3141 1271 3195 Illius
1287 3158 1336 3194 ex·

186 3212 278 3282 amplo
296 3209 437 3278 significat
454 3219 575 3268 mortem
595 3228 651 3280 qua
668 3214 792 3266 Acamas
810 3212 908 3281 periit;
930 3228 999 3265 nam
1020 3229 1084 3266 cum
1103 3221 1168 3281 post
1185 3212 1337 3281 deceptam

187 3280 347 3351 Phyllidem
356 3281 384 3335 in
394 3282 518 3350 Cyprum
528 3281 660 3349 uenisset,
669 3282 708 3335 ibi
718 3282 825 3336 incitati
836 3282 1031 3338 uehementius
1041 3282 1105 3352 equi
1114 3292 1193 3351 tergo
1203 3282 1337 3351 delapsus

186 3353 282 3422 gladio
295 3369 347 3406 suo
360 3351 532 3419 transfigitur
546 3351 644 3419 (Tzetz.
659 3352 696 3407 ad
710 3354 776 3421 Lyc.
788 3352 861 3422 495).
932 3356 997 3407 619.
1016 3356 1222 3417 Naupliades.
1255 3354 1337 3406 Pala-

187 3422 288 3490 medis,
301 3422 350 3476 filii
364 3421 489 3491 Nauplii.
526 3423 600 3490 Hyg.
618 3434 665 3491 105
684 3423 790 3492 Vlysses
805 3425 883 3494 quod
890 3425 1054 3477 Palamedis
1064 3424 1192 3494 Nauplii
1198 3423 1338 3493 filiidolo

186 3500 250 3547 erat
257 3494 392 3563 deceptus,
402 3495 434 3545 in
442 3493 501 3546 dies
509 3492 730 3562 machinabatur,
740 3496 876 3564 quomodo
884 3511 947 3548 eum
956 3496 1129 3564 interficeret.
1142 3495 1255 3548 tandem
1264 3495 1338 3547 inito
1383 3542 1390 3547 .

186 3565 303 3618 consilio
320 3564 361 3617 ad
372 3563 611 3633 Agamemnonem
629 3565 747 3618 militem
764 3582 848 3618 suum
867 3567 952 3634 misit,
965 3564 1018 3635 qui
1032 3566 1134 3619 dicmet
1150 3567 1183 3633 ei,
1196 3566 1227 3618 in
1246 3565 1338 3634 quiete

187 3636 300 3702 uidisse,
314 3640 347 3689 ut
357 3640 451 3687 castra
463 3650 521 3686 uno
531 3635 576 3688 die
588 3641 775 3690 mouerentur.
807 3637 842 3689 id
849 3636 1047 3707 Agamemnon
1059 3651 1159 3689 uerum
1170 3637 1338 3688 existimans

187 3710 281 3758 castra
294 3721 350 3758 uno
362 3705 407 3758 die
418 3706 541 3773 imperat
551 3707 666 3759 moueri.
708 3705 813 3775 Vlysses
826 3712 920 3760 autem
932 3707 1005 3760 clam
1018 3711 1100 3760 noctu
1111 3705 1188 3760 solus
1200 3721 1338 3776 magnum

182 3775 299 3845 pondus
310 3776 385 3842 auri,
398 3774 448 3827 ubi
458 3775 668 3830 tabemaculum
681 3777 843 3831 Palamedis
851 3779 961 3848 fuerat,
974 3777 1089 3842 obruit,·
1105 3778 1173 3830 item
1184 3777 1338 3846 epistulam

187 3846 374 3914 conscriptam
391 3844 506 3914 Phrygi
519 3847 632 3915 captiuo
650 3846 691 3900 ad
704 3848 855 3901 Priamum
873 3848 924 3902 dat
938 3848 1147 3918 perferendum,
1165 3848 1338 3916 militemque

187 3931 272 3969 suum
280 3916 407 3984 priorem
419 3916 516 3983 mittit,
529 3918 582 3984 qui
591 3933 654 3968 cum
666 3933 722 3970 non
733 3918 815 3989 longe
828 3936 846 3970 a
856 3921 958 3972 castras
968 3920 1141 3988 interficeret.
1168 3921 1280 3987 postera
1292 3919 1338 3972 die
1381 3960 1385 3966 .

186 4002 251 4040 cum
268 3986 406 4038 exercitus
423 3985 454 4037 in
472 3992 565 4038 castra
582 3988 693 4055 rediret,
712 3990 828 4058 quidam
847 3990 934 4058 miles,
951 3990 1110 4059 epistulam,
1128 4005 1214 4057 quam
1232 3989 1339 4058 Vlysses

187 4057 347 4125 scripserat,
354 4055 696 4127 supercadauerPlrrygrs
699 4062 824 4128 positam
832 4061 1116 4130 adAgamemnonem
1125 4060 1233 4127 attulit,
1240 4061 1272 4112 in
1280 4076 1338 4128 qua

187 4126 414 4196 scriptumfuit:
431 4125 662 4180 PALAMEDI
675 4129 702 4182 A
721 4130 886 4186 PRIAMO
901 4131 1042 4199 MISSA,
1055 4125 1222 4198 tantumque
1232 4131 1261 4182 ei
1271 4129 1342 4183 auri

182 4198 345 4268 pollicetur,
359 4201 498 4264 quantum
516 4196 621 4266 Vlysses
638 4200 669 4251 in
687 4200 865 4255 tabernaculo
883 4202 1020 4270 obruerat,
1036 4203 1065 4254 si
1079 4207 1173 4254 castra
1184 4200 1337 4270 Agamem·

188 4269 272 4322 nonis
288 4273 322 4320 ut
337 4269 367 4320 ei
381 4273 549 4320 conuenerat
560 4269 699 4337 proderet.
736 4273 832 4340 itaque
843 4273 1009 4326 Palamedes
1025 4288 1088 4325 cum
1105 4271 1146 4324 ad
1159 4287 1251 4341 regem
1269 4275 1341 4323 esset

182 4340 341 4410 productus
352 4337 496 4408 etsactum
508 4345 630 4409 negaret,
643 4342 674 4394 in
687 4341 896 4398 tabernaculum
908 4344 969 4396 eius
979 4344 1076 4396 rerunt
1087 4347 1114 4395 et
1126 4357 1230 4395 aurum
1242 4341 1338 4410 ffrde-

188 4416 265 4464 runt.
302 4410 380 4479 quod
392 4408 589 4479 Agamemnon
608 4416 642 4464 ut
658 4412 734 4466 uidit
750 4429 816 4466 uere
823 4415 938 4484 factum
956 4430 1013 4467 esse
1029 4413 1155 4467 credidit.
1191 4428 1247 4481 quo
1255 4412 1338 4480 sacto

187 4480 353 4537 Palamedes
363 4480 427 4536 dolo
444 4480 548 4552 Vlyssis
558 4480 685 4553 deceptus
699 4483 734 4539 ab
748 4486 871 4541 exercitu
887 4486 1020 4540 uniuerso
1031 4484 1162 4539 innocens
1173 4483 1277 4538 erasus
1287 4486 1337 4538 est.
