3038 5010
177 373 253 431 xlviii
577 372 904 435 PROLEGOMENA.

177 529 240 587 aliis
261 531 511 590 commemorandi
532 538 629 590 erant:
656 549 680 590 e.
691 550 720 607 g.
740 531 930 602 Philocteten,
953 528 1119 606 Telephum
1139 525 1321 606 (253-256);

178 609 435 686 Bellerophontem
449 610 534 691 (257)
549 611 725 672 Thessalum
741 610 827 692 (285)
845 611 1055 671 Echecratiden
1070 608 1156 689 (293)
1175 609 1321 668 Glaucum

177 689 265 770 (556)
300 692 519 768 praecipitatum
554 692 751 769 Eurylochum
780 691 865 772 (287)
901 693 1027 753 Oresten
1055 690 1140 770 (527)
1175 692 1321 767 anguibus

178 789 293 831 morsos
300 793 308 844 ;
331 774 529 832 Alexandrum
540 772 626 854 (299)
637 775 779 851 Pyrrhum
789 772 874 853 (307)
888 773 1037 833 Socratem
1049 770 1135 852 (559)
1145 782 1320 843 uenenatos;

178 853 331 912 Achaeum
346 853 439 934 (299),
453 855 636 931 Syracosium
651 865 770 932 poetam
782 854 867 935 (549)
883 872 1061 931 suspensos;
1084 853 1236 930 Pyrrhum,
1251 853 1321 911 Dei-

179 934 296 993 damian
312 935 488 1015 (303-307),
503 937 700 1014 Lycophrona
711 935 805 1017 (531),
820 936 990 1014 Amphiona
1004 954 1071 994 curn
1087 936 1150 993 filiis
1165 945 1193 993 et
1208 935 1322 992 filiabus

180 1014 356 1095 (581-584),
367 1018 494 1076 Remum
505 1017 590 1098 (635)
605 1019 760 1079 missilibus
774 1019 958 1090 interlectos3
981 1017 1150 1076 Leuconem
1165 1012 1260 1095 (309),
1273 1014 1326 1091 qui

178 1097 213 1156 iis
242 1097 476 1158 adnumerandus
509 1109 570 1159 erat
598 1101 648 1176 qui
675 1119 728 1177 per
755 1100 913 1159 adulteram
947 1099 1102 1174 coniugem
1136 1097 1321 1168 cecidemnt;

180 1177 348 1255 Sicyonium
370 1179 465 1259 (317),
496 1182 667 1259 scriptorem
695 1182 831 1240 carminis
858 1198 918 1257 quo
946 1179 1079 1238 Athenae
1110 1179 1205 1237 laesae
1227 1175 1323 1256 (523),
1369 1212 1372 1219 -

180 1259 256 1319 lame
285 1263 472 1339 ab'sumptos;
508 1261 646 1339 Lycaona
674 1259 759 1340 (327)
789 1262 979 1330 fulminatum,
1012 1260 1203 1319 Mithridaten
1237 1255 1322 1337 (329)

179 1341 364 1415 destitutum;
386 1344 532 1403 Limonen
552 1342 637 1423 (459)
659 1343 803 1403 Glaucum
827 1341 912 1422 (555)
933 1343 970 1401 ab
991 1360 1068 1416 equo
1090 1358 1226 1413 morsos3
1249 1339 1324 1398 Cor·

179 1441 299 1499 eyraeos
321 1426 358 1482 ab
375 1426 501 1484 externis
522 1444 624 1484 caesos
644 1423 729 1504 (510)
735 1445 742 1496 ;
766 1426 894 1483 Brotean
908 1421 994 1504 (527)
1009 1423 1222 1499 Empedoclem
1237 1419 1323 1500 (597)

179 1504 323 1581 inignem
339 1524 402 1566 sese
417 1506 611 1576 conicientes,
634 1507 751 1565 Battum
766 1505 851 1585 (540)
866 1505 981 1564 exulem
996 1506 1026 1563 in
1044 1504 1220 1580 longinquas
1234 1514 1324 1562 terras

180 1596 295 1659 actum;
328 1587 476 1647 Anticlum
498 1587 583 1666 (570)
605 1588 688 1647 fauce
711 1589 901 1647 constrictum
912 1607 920 1659 ;
950 1587 980 1643 in
1002 1586 1130 1661 lapidem
1152 1601 1323 1654 conuersos

180 1666 336 1744 Cephenas
346 1667 439 1747 (553),
453 1668 571 1728 Nioben
582 1667 676 1748 (585),
688 1670 805 1728 Battum
818 1666 915 1747 (586);
939 1666 1096 1725 Haemona
1110 1676 1139 1724 et
1153 1665 1324 1724 Macareum

181 1746 263 1826 (562,
279 1748 309 1828 2)
330 1751 527 1810 interfectores
548 1751 609 1821 sui;
635 1751 761 1826 Argiuos
783 1748 869 1888 (975)
891 1759 919 1807 22
940 1748 1101 1807 Thebanos
1124 1744 1209 1825 (378)
1232 1745 1326 1805 hosa
1375 1756 1378 1761 '

181 1829 321 1907 Sphinge,
336 1832 400 1891 illos
421 1851 439 1891 a
459 1831 560 1890 Poena
581 1832 768 1908 absumptos3
825 1831 987 1908 ippolytum
1004 1830 1068 1887 uisa
1081 1829 1166 1888 belua
1180 1828 1324 1887 deiectum

180 1929 264 1971 curru
279 1932 314 1971 22
327 1913 486 1971 laceratum
500 1910 593 1991 (577).

222 1992 401 2052 Huiusmodi
425 1994 566 2069 supplicia
593 1995 727 2070 quotiens
755 1993 882 2070 perlego,
911 1992 987 2051 subit
1011 1992 1142 2050 animum
1163 1989 1325 2050 recordatio

180 2091 350 2150 poenamm,
366 2092 439 2150 quas
452 2074 577 2133 Mithrae
599 2076 687 2134 sacris
701 2075 802 2133 initiati
823 2075 1005 2152 patiebantur
1018 2092 1027 2144 3
1049 2072 1205 2148 dequibus
1221 2071 1326 2130 Suidas

181 2173 204 2213 s.
214 2174 241 2213 22
258 2155 366 2229 Μίθρας.
402 2159 455 2212 Οὐκ
469 2157 500 2211 δν
513 2156 558 2211 οὖν
576 2158 611 2214 εἷς
631 2159 706 2212 αὐτὸν
720 2155 857 2226 barlaami
875 2179 914 2213 τις
931 2155 1092 2224 τελεσθῆναι,
1113 2156 1136 2209 εἶ
1148 2156 1182 2225 μὴ
1197 2156 1238 2209 διά
1252 2176 1327 2208 τινων

180 2239 287 2308 βαθμῶν
306 2238 441 2310 παρελθὼν
461 2243 512 2293 τῶν
532 2239 664 2295 κολάσεων
684 2239 762 2308 δείξει
782 2239 873 2293 εἀυτδν
893 2236 968 2292 ὅσιον
986 2237 1026 2290 καὶ
1044 2237 1138 2305 ἀπαθῆ.
1174 2234 1223 2292 Ad
1237 2251 1326 2310 quem

181 2317 280 2376 locum
298 2317 501 2393 Bernhardyus
520 2335 557 2378 ex
576 2317 677 2376 Nonni
695 2318 811 2377 Comm.
827 2317 857 2376 in
872 2316 961 2392 Greg.
978 2314 1117 2374 Nazianz.
1132 2335 1162 2392 p.
1180 2334 1237 2389 130
1252 2315 1326 2374 haec

181 2399 275 2458 attulit
288 2401 384 2470 βαθμοὶ
405 2399 434 2454 δέ
454 2401 505 2454 εἶσι
525 2402 657 2456 κολάσεων
676 2404 721 2456 τὸν
738 2402 784 2469 μὲν
802 2400 910 2472 άριθμδυ
928 2398 1091 2471 ὀγδοήκοντα,
1106 2399 1208 2469 ἔχοντες
1222 2398 1249 2452 δὲ
1264 2397 1327 2452 ὑπό-

181 2485 262 2548 βασιν
289 2483 329 2536 καὶ
357 2480 491 2547 ἀνάβασιν·
530 2483 678 2550 κολάζονται
706 2483 756 2554 γὰρ
784 2487 886 2554 πρῶτον
912 2482 958 2536 τὰς
985 2479 1170 2552 ἐλαφροτέρας,
1200 2474 1255 2533 εἶτα
1282 2479 1328 2534 τὰς

182 2561 393 2634 δραστικωτίρας·
415 2563 455 2617 καί
469 2559 515 2618 εἶθ
530 2560 595 2617 οὕτω
609 2565 673 2630 μετὰ
687 2565 716 2618 τὸ
730 2563 868 2635 παρελθεῖν
882 2563 923 2617 διὰ
939 2566 1030 2617 πασῶν
1048 2566 1099 2616 τῶν
1113 2561 1254 2629 κολάσεων,
1268 2563 1328 2614 τότε

181 2647 292 2698 τελεῖται
317 2646 331 2697 ὁ
353 2641 512 2712 τελούμενος.
548 2646 573 2699 αί
593 2645 620 2698 δὲ
640 2645 760 2701 κολάσεις
781 2644 833 2699 εἶσί
855 2645 885 2697 τδ
907 2644 948 2697 διὰ
968 2644 1049 2715 πυρὸς
1069 2641 1213 2714 παρελθεῖν,
1234 2642 1265 2695 τδ
1286 2641 1328 2694 διδ

182 2723 282 2797 κρύους,
297 2725 338 2779 διδ
351 2725 437 2790 πείνης
451 2726 491 2780 καὶ
505 2726 592 2797 δίψης,
608 2726 649 2779 διδ
670 2723 814 2797 ὁδοιπορίας
829 2726 938 2792 πολλῆς,
954 2725 995 2779 καὶ
1013 2726 1102 2779 ἁπλῶς
1116 2724 1158 2777 διδ
1172 2727 1264 2777 πασῶν
1276 2726 1328 2775 τῶν

181 2804 310 2862 τοιούτων.
353 2803 398 2863 Cf.
414 2803 543 2863 eiusdem
558 2803 659 2863 Nonni
674 2804 712 2863 ad
726 2803 814 2880 Greg.
830 2803 903 2862 Naz.
919 2802 999 2863 Orat
1013 2804 1031 2862 i.
1045 2802 1060 2877 §
1076 2816 1112 2878 47
1128 2801 1232 2876 Migne
1247 2810 1276 2859 et
1290 2800 1328 2859 ad

183 2884 263 2944 Orat.
285 2886 316 2963 in
338 2885 434 2944 Sanct.
457 2884 582 2943 Lumina
602 2885 617 2960 ξ
636 2906 662 2960 9,
684 2905 713 2961 p.
732 2899 807 2960 1072
832 2884 942 2961 Migne.
984 2883 1053 2960 Ipse
1075 2882 1234 2960 Gregorius
1255 2882 1327 2940 haec

182 2965 270 3025 habet
284 2966 364 3026 Orat.
379 2967 416 3025 iv.
436 2985 490 3042 109
507 2966 610 3042 Mlgne
624 2971 670 3026 τὰς
683 2969 710 3023 ἐν
725 2968 825 3040 Μίθρου
839 2966 971 3033 βασάνους
984 2969 1025 3022 καὶ
1039 2965 1143 3023 καύσεις
1157 2967 1269 3022 ἐνδίκους
1282 2966 1329 3022 τὰς

181 3049 313 3121 μυστικάς,
333 3048 371 3106 lb.
390 3066 445 3123 123
468 3048 567 3104 εἵλκετο
588 3051 629 3105 διὰ
648 3052 784 3119 πλατειῶν,
806 3050 895 3104 ὠθεῖτο
916 3047 970 3104 καθ’
992 3049 1133 3118 ὑπονόμων·
1162 3051 1214 3100 τῶν
1234 3050 1329 3118 τριχῶν

181 3128 288 3201 εἵλκετο,
302 3135 347 3186 οὔκ
360 3132 431 3186 ε’στιν
444 3131 504 3186 ὅτου
517 3131 551 3200 μὴ
565 3132 658 3203 με’ρους
671 3135 717 3186 τοῦ
732 3133 859 3199 σώματος,
873 3127 1023 3201 μιγνυμένης
1038 3133 1068 3198 τῇ
1081 3129 1147 3198 αίκίᾳ
1164 3130 1210 3197 τῆς
1220 3125 1328 3199 ὕβρεως,

181 3214 250 3282 παρὰ
271 3218 321 3267 τῶν
340 3212 417 3282 ἀξίως
439 3212 466 3266 ἕν
486 3212 588 3284 Μίθρου
608 3216 688 3266 ταῦτα
708 3211 882 3282 κολαζομένων
895 3207 1028 3286 (sortasse
1048 3211 1117 3282 παρὰ
1136 3210 1328 3276 τὸν-κολαζό-

181 3294 279 3365 μενον).
312 3291 396 3364 Quae
411 3292 515 3349 mirum
530 3300 671 3368 quantum
686 3299 849 3367 congmunt
864 3290 906 3349 eis
920 3308 996 3365 quae
1009 3288 1133 3348 Ouidius
1148 3305 1329 3346 commemo-

181 3374 273 3445 rauit3
295 3391 365 3431 nam
385 3381 414 3431 et
432 3373 532 3448 ignem
553 3382 582 3431 et
603 3372 691 3448 frigus
712 3381 740 3432 et
761 3372 869 3431 famem
890 3381 919 3431 et
940 3371 1015 3429 sitim
1037 3380 1065 3429 et
1082 3370 1172 3445 longa
1194 3367 1279 3428 exilia
1300 3377 1329 3427 et

182 3462 290 3512 tracms
307 3473 359 3531 per
375 3464 480 3512 terram
495 3471 659 3529 corporum,
675 3463 704 3511 et
718 3454 847 3515 deiectus
860 3453 890 3510 in
905 3463 1009 3530 puteos
1026 3452 1072 3510 uel
1088 3450 1211 3522 cloacas,
1226 3459 1255 3508 et
1270 3459 1328 3507 tor·

182 3544 282 3593 menta
296 3534 391 3593 omnis
406 3535 520 3610 generis
535 3533 735 3610 frequentauit.

725 3791 794 3865 Vl.

226 4016 284 4075 Sed
297 4018 386 4077 redeo
400 4018 438 4076 ad
449 4018 623 4094 Aegyptum,
636 4017 715 4076 unde
729 4019 759 4075 in
774 4019 831 4076 fine
839 4004 909 4093 hap.
921 4016 949 4073 iii
963 4015 1109 4091 digressus
1123 4033 1213 4074 eram.
1254 4014 1332 4072 Nam

183 4097 213 4154 in
235 4098 292 4157 hoc
314 4117 431 4175 quoque
453 4098 664 4158 Callimachum
687 4097 810 4158 Ouidius
832 4108 946 4157 secutus
968 4097 1089 4168 uidetur,
1103 4096 1183 4172 quod
1204 4096 1234 4153 in
1249 4094 1332 4154 Ibide

183 4188 232 4237 aut
246 4178 423 4257 Aegyptium
442 4181 566 4240 traduxit
580 4189 629 4238 aut
648 4180 793 4257 quaedam
813 4180 914 4239 saltem
933 4178 1027 4236 intulit
1044 4196 1119 4254 quae
1139 4177 1177 4235 ad
1191 4176 1332 4253 Aegypti·

184 4277 268 4318 omm
283 4279 396 4320 morem
410 4281 444 4321 ac
459 4263 528 4321 ritus
542 4262 726 4339 pertinerent.

386 4344 404 4402 i.
468 4343 506 4401 Et
528 4362 565 4403 ne
586 4360 654 4404 non¹
667 4342 770 4401 fultum
791 4342 870 4401 nuda
891 4340 989 4400 tellure
1010 4340 1115 4399 iaceret

509 4423 601 4483 Molle
623 4443 708 4501 super
730 4424 822 4483 silices
843 4423 997 4499 inposuere
1019 4431 1114 4498 caput.
