3038 5010
596 334 942 425 connrnrnnrvs.
1112 402 1115 407 ι
1288 367 1345 424 129

196 501 219 558 δ’
232 503 259 560 ἐν
271 505 360 576 δόμοις
371 507 441 576 εὕροι
453 510 541 576 μολὼν
553 509 589 564 de
603 511 835 579 Clytaemnestra.
904 512 973 564 354.
993 511 1082 564 Talai
1093 526 1194 575 gener.
1226 510 1345 580 Amphi-

196 593 288 645 arauS,
310 578 353 632 uir
375 579 537 649 Eriphylae,
560 580 633 635 filiae
655 581 735 636 Talai
761 581 835 649 regis
856 579 1034 649 Argiuorum.
1071 581 1201 649 Apollod.
1221 579 1239 635 i.
1258 595 1282 649 9.
1305 597 1344 648 13.

195 649 352 712 Tyndarei
366 666 461 715 gener
473 653 679 720 Agamemnon,
693 651 736 705 uir
749 653 998 720 Clytaemnestrae.
1069 653 1138 705 355.
1154 652 1234 705 Idem
1246 668 1345 706 uersus

195 718 229 771 A.
243 720 276 772 A.
291 718 307 774 i.
322 733 364 787 73.
400 725 598 786 patruelibus
611 721 674 775 filiis
686 721 816 791 Aegypti.
850 724 889 775 M.
904 721 939 776 iv.
953 721 1004 788 462
1018 721 1176 790 Molirique
1186 723 1247 776 rurs
1258 723 1345 776 letum

190 791 369 856 patruelibus
380 808 466 845 ausae
475 792 503 845 A
506 792 599 845 ssidue
610 796 746 862 repetunt,
760 809 831 861 quas
838 793 970 860 perdant,
983 793 1094 847 Belides
1106 792 1203 846 undas.
1275 796 1345 848 356.

194 862 323 913 assidua
340 877 429 930 aqua,
448 861 500 931 ‘by
513 872 644 917 constant
662 862 787 932 carriage
806 863 838 916 oi
852 864 954 930 water,'
966 878 1070 931 aquam
1089 861 1203 917 assidue
1219 863 1345 931 ferendo,

195 944 259 982 cum
280 929 377 986 ioratis
399 931 475 986 urnis
495 950 607 1002 semper
628 943 716 987 exeat.
797 935 865 988 357.
883 935 1043 998 Byblidos.
1082 934 1157 1001 Hyg.
1176 947 1228 1000 243
1248 934 1346 1001 Byblis

194 999 295 1053 Mileti
301 1001 371 1070 filia
383 1006 504 1072 prepter
519 1020 642 1056 amorem
657 1004 752 1057 Cauni
756 1003 868 1073 fratris
885 1005 949 1073 ipsa
964 1020 993 1056 se
1004 1004 1151 1127 Wlffsem‘
1190 1005 1229 1057 M.
1244 1003 1279 1058 ix.
1292 1017 1345 1071 449

194 1084 255 1137 sqq.
276 1071 406 1127 Parthen.
421 1074 499 1128 Erot.
512 1073 547 1127 xi.
586 1077 731 1128 Canaces.
763 1075 839 1142 Hyg.
853 1087 904 1141 243
925 1075 1032 1128 Canace
1080 1074 1212 1142 eolifilia
1225 1077 1348 1144 propter

194 1156 316 1194 amorem
333 1143 465 1197 Macarei
477 1144 588 1213 fratris
604 1146 668 1214 ipsa
691 1161 719 1197 se
739 1145 884 1214 interfecit.
934 1146 987 1198 Est
1012 1143 1084 1198 inter
1104 1143 1246 1198 Heroidas
1271 1145 1344 1213 epis-

194 1210 253 1262 tula
271 1212 397 1267 Canaces
417 1215 550 1268 Macareo
567 1213 625 1282 (xi).
661 1218 744 1269 siout
761 1217 848 1269 facis.
874 1215 913 1267 M.
928 1214 984 1268 xiii.
998 1227 1046 1280 741
1067 1217 1154 1283 thue
1162 1215 1249 1282 faces,
1263 1219 1344 1284 potes

193 1277 239 1332 bis
250 1281 357 1350 inpune
368 1300 477 1354 negare.
505 1286 587 1340 Pont.
597 1284 624 1338 ii.
635 1299 659 1351 3.
670 1286 704 1350 48
718 1286 893 1353 thuefacis,
904 1286 983 1355 lapso
992 1302 1077 1353 quam
1085 1289 1166 1354 petes
1175 1286 1246 1354 affer
1256 1289 1343 1354 opem.

194 1349 331 1406 Vsitatius
341 1354 438 1408 fuisset
447 1356 520 1408 sicut
520 1356 605 1424 fan‘t,
615 1365 751 1424 sequente
761 1356 867 1422 ardeat,
876 1365 905 1409 ut
915 1355 1012 1408 M.xiv.
1018 1370 1068 1423 491
1083 1356 1346 1425 quodfacit,oderit

193 1436 286 1500 ramnes
295 1424 355 1478 Sub
366 1425 500 1479 Diomede
513 1427 599 1479 uiros.
636 1427 703 1478 Non
716 1424 872 1495 adstipulor
886 1424 1023 1479 Merkelio
1036 1428 1115 1480 faeie
1127 1425 1283 1493 genitiuum
1296 1443 1343 1479 ex-

193 1493 336 1548 rst1manti.
409 1499 477 1549 358.
492 1500 535 1550 sit
550 1499 611 1550 tibi
622 1497 687 1550 fida
699 1495 853 1550 satisfaciat
867 1495 955 1549 amori
969 1513 1053 1565 quem
1066 1512 1145 1549 soror
1157 1495 1234 1549 fratri
1247 1496 1342 1564 debet,

194 1560 268 1614 ‘and
284 1581 370 1632 prove
388 1566 450 1621 that
468 1567 519 1620 she
538 1565 561 1619 is
580 1576 641 1620 true
659 1576 688 1620 to
707 1568 756 1620 the
772 1567 835 1620 love
852 1567 903 1619 she
921 1582 995 1620 owes
1014 1583 1069 1634 you
1089 1583 1120 1620 as
1139 1583 1157 1619 a
1175 1565 1258 1620 sister
1275 1567 1342 1634 only

191 1633 231 1699 by
249 1648 266 1685 a
285 1633 391 1689 crime)
457 1637 521 1691 fida
540 1635 680 1691 ‘caritatis
702 1654 792 1706 aeque
814 1646 1005 1705 cognatorum,
1025 1653 1110 1705 quam
1129 1636 1342 1692 consuetudinis

193 1704 348 1759 amantium
361 1706 512 1777 appellatio
525 1717 576 1760 est.
604 1709 671 1761 Her.
683 1720 706 1772 4.
720 1721 787 1773 1403
808 1719 829 1774 5.
841 1708 893 1775 993
919 1706 1081 1760 Merkelius
1105 1706 1205 1760 Fidem
1218 1723 1299 1760 suam
1312 1707 1341 1761 in

98 1775 102 1781 '
194 1776 322 1829 Caunum
333 1776 430 1844 Byblis
440 1776 587 1846 praestitit,
596 1777 663 1831 dum
668 1779 798 1846 patriam
809 1779 969 1845 annosasque
972 1781 1107 1846 parentes
1113 1777 1233 1845 Deserit,
1241 1783 1268 1831 et
1274 1781 1342 1847 pro-

181 1846 259 1917 fugi
272 1849 403 1915 sequitur
418 1849 540 1918 uestigia
549 1848 660 1917 fratris
673 1850 714 1902 M.
728 1846 761 1901 irc.
776 1847 871 1916 638-9,
886 1850 999 1902 Canace
1017 1847 1085 1901 dum
1103 1847 1196 1901 fratris
1215 1848 1343 1909 Macarei

192 1916 372 1971 concubitum
397 1917 509 1987 patitur,
528 1918 657 1999 paritque
678 1917 823 1986 infantem,
843 1917 889 1987 qui
910 1918 946 1972 ab
965 1918 1055 1971 Aeolo
1077 1934 1132 1972 auo
1153 1917 1249 1971 statim
1274 1918 1341 1972 ieris

192 1986 370 2041 dilaniandus
381 1988 506 2042 traditur.
519 1991 588 2043 Her.
597 2006 632 2042 xi.
699 1991 768 2042 359.
779 1991 922 2052 Pelopea.
946 1987 1109 2042 Lactantius
1119 1988 1157 2041 ad
1168 1989 1238 2042 Stat.
1249 1990 1340 2045 Theb.

191 2055 207 2110 i.
222 2058 274 2125 694
288 2059 358 2112 Cum
371 2062 534 2128 responsum
546 2060 692 2128 accepisset
704 2060 731 2112 T
727 2059 833 2127 byestes
844 2059 932 2112 aliter
941 2060 1082 2112 malorum
1095 2059 1247 2112 remedium
1260 2060 1341 2112 inue-

191 2130 254 2181 niri
262 2145 319 2181 non
326 2131 415 2198 posse,
428 2130 488 2182 nisi
497 2145 560 2183 cum
569 2129 689 2198 Pelopea
696 2130 765 2200 filia
780 2130 973 2197 concubuisset,
982 2130 1181 2198 paruissetquc
1192 2132 1340 2198 responsis,

190 2205 276 2252 natm
283 2205 325 2252 est
332 2216 407 2252 exea
414 2199 569 2269 Aegisthus
578 2200 812 2268 Clytaemnestrae
823 2201 943 2268 adulter,
952 2201 1175 2270 Agamemnonis
1181 2201 1339 2269 parricida.

192 2269 335 2323 Incestum
348 2269 452 2337 duplici
466 2269 552 2322 modo
565 2280 660 2324 narrat
675 2270 806 2339 Hyginus
820 2271 852 2337 87
866 2280 894 2324 et
908 2270 948 2324 88.
1053 2273 1123 2324 860.
1142 2273 1338 2334 Nyctimene.

191 2339 265 2408 Hyg.
280 2353 332 2405 204
344 2341 508 2408 Nyctimene
519 2341 632 2410 Epopei
646 2343 721 2411 regis
735 2342 897 2395 Lesbiorum
916 2342 999 2411 uirgo
1008 2340 1218 2408 famosissima
1233 2342 1344 2395 dicitur

180 2409 280 2478 fuisse.
294 2410 368 2463 banc
378 2411 512 2479 Epopeus
522 2416 610 2481 pater
619 2428 714 2464 amore
725 2412 853 2465 incensus
864 2412 1042 2480 compressit:
1059 2428 1131 2479 quae
1142 2412 1252 2480 pudore
1263 2416 1340 2465 tacta

188 2481 272 2534 siluis
283 2481 482 2535 occultabatur.
542 2483 604 2535 361.
616 2484 720 2547 capiti.
742 2481 820 2536 Lusit
831 2482 860 2535 in
868 2481 1000 2550 ambiguo
1009 2498 1094 2536 sensu
1102 2480 1239 2535 uocabuli.
1261 2483 1339 2536 Nam

190 2549 218 2603 in
230 2553 332 2620 capitis
344 2549 421 2605 crine
434 2549 512 2605 stetit
524 2556 611 2615 caput
622 2553 667 2606 uel
681 2553 757 2605 salus
771 2552 890 2607 Pterelai
904 2569 937 2606 ac
952 2551 1024 2606 Nisi.
1107 2553 1176 2606 662.
1196 2554 1339 2606 Pterelae

188 2620 262 2689 regis
276 2621 449 2690 Taphiorum
467 2621 527 2676 siue
543 2623 739 2691 Teloboarum,
757 2639 841 2691 quem
859 2622 915 2675 filia
933 2622 1098 2690 Comaetho,
1115 2621 1235 2675 detonso
1252 2639 1339 2676 aureo

189 2691 265 2746 crine
283 2709 333 2761 per
351 2709 436 2762 quem
455 2692 621 2746 immortalis
638 2693 728 2746 iactus
745 2702 796 2760 est,
810 2692 921 2760 occidit,
935 2709 1031 2746 amore
1047 2691 1164 2746 incensa
1176 2692 1338 2762 Amphitry-

188 2761 250 2815 onis
263 2772 319 2830 aut,
333 2773 363 2817 ut
375 2761 423 2816 alii
436 2763 559 2832 tradunt,
574 2762 700 2832 Cephali.
715 2765 803 2817 Tzetz.
817 2762 854 2817 ad
868 2764 933 2831 Lyc.
948 2777 1006 2831 932.
1037 2764 1121 2816 Hanc
1138 2778 1251 2816 comam
1263 2763 1339 2829 αι’θὴν

187 2831 274 2886 fuisse
292 2842 411 2887 testatur
429 2833 596 2888 Eustathius
615 2834 653 2887 ad
674 2834 706 2888 Il.
722 2832 740 2886 i.
756 2831 946 2902 197.(Potter).
985 2832 1115 2901 Apollod
1130 2831 1156 2886 ii.
1170 2846 1194 2898 4
1210 2845 1225 2898 7
1240 2831 1338 2901 Ἀμφι-

186 2900 271 2970 τρύων
281 2903 349 2971 ἔχων
360 2903 388 2956 ἐκ
404 2908 515 2973 θορικοῦ
529 2906 574 2972 τῆς
584 2903 701 2971 Ἀττικῆς
713 2904 837 2973 Κέφαλον
849 2906 1034 2971 συμμαχοῦντα
1045 2942 1052 2957 .
1066 2943 1073 2956 .
1088 2942 1095 2957 .
1107 2903 1153 2956 τὰς
1169 2907 1220 2956 τῶν
1232 2902 1338 2972 Ταφίων

187 2971 282 3039 νῆσους
300 2974 411 3043 ἐπόρθει.
441 2972 503 3043 άχρι
520 2980 567 3043 μὲν
582 2973 627 3028 οὖν
639 2975 681 3041 ἔζη
694 2973 849 3041 Πτερέλαος,
862 2973 906 3025 οὐκ
923 2971 1030 3026 ἐδύνατο
1047 2972 1093 3040 τὴν
1105 2974 1195 3040 Τάφον
1208 2973 1284 3026 ἑλεῖν
1303 2973 1338 3029 ὣς

187 3040 215 3094 δέ
227 3043 242 3108 ri
252 3044 401 3111 Πτερελάου
414 3044 527 3115 θυγάτηρ
538 3042 658 3113 Κομαιθὼ
672 3043 815 3113 ἐρασθεῖσα
825 3041 1019 3111 Ἀμφιτρύωνος
1030 3041 1076 3108 τῆν
1087 3044 1190 3112 χρυσῆν
1201 3042 1278 3111 τρίχα
1289 3046 1337 3096 τοῦ

185 3114 282 3180 πατρὸς
293 3114 322 3167 ἐκ
334 3117 378 3181 τῆς
390 3116 504 3183 κεφαλῆς
516 3114 639 3181 ἐξείλετο,
649 3115 798 3182 Πτερελάου
806 3111 1007 3180 τελευτήσαντος
1019 3110 1176 3181 ἐχειρώσατο
1186 3113 1232 3167 τὰς
1241 3111 1338 3180 νῆσους

185 3181 295 3239 ἁπάσας.
333 3186 419 3238 Hunc
432 3185 572 3239 Pterelam
589 3194 672 3239 uocat
687 3185 801 3238 Plautus
814 3182 939 3252 Amphit.
953 3182 971 3238 i.
987 3198 1009 3236 1.
1025 3198 1081 3237 101.
1153 3185 1232 3237 Nise
1240 3200 1336 3253 oquem

186 3253 243 3308 filia
256 3271 308 3309 sua
320 3256 401 3324 Prop.
416 3254 452 3325 iii.
465 3255 522 3324 (iv.)
535 3270 574 3324 19.
584 3270 627 3323 21,
635 3270 668 3308 22
681 3256 785 3308 Minoa
797 3254 969 3308 uenumdata
981 3253 1077 3323 Scylla
1082 3253 1191 3323 figura,
1208 3254 1236 3307 T
1233 3254 1336 3307 ondens

179 3327 331 3394 purpurea
354 3342 443 3396 regnu
463 3330 586 3395 paterna
610 3343 696 3392 coma,
721 3324 869 3393 interfecit,
890 3334 920 3379 ut
945 3324 973 3377 in
1000 3323 1056 3378 Ciri
1081 3322 1244 3392 Vergiliana
1268 3340 1335 3377 nar-

183 3405 277 3449 ratum
289 3405 340 3452 est.
472 3399 539 3451 366.
559 3399 781 3459 Infamemque.
817 3397 908 3449 Varro
922 3395 953 3448 L.
964 3395 995 3449 L.
1004 3412 1029 3448 v.
1044 3406 1094 3463 159
1105 3394 1243 3463 Exquua
1254 3395 1336 3448 uicus

185 3465 342 3533 Africus..
356 3507 363 3521 .
379 3467 462 3521 Vicus
481 3468 603 3537 Cyprius
623 3484 641 3521 a
664 3467 774 3535 Cypro.
788 3507 795 3521 .
808 3506 815 3520 .
829 3466 922 3535 Prope
938 3463 1014 3518 bunc
1033 3463 1126 3519 uicus
1152 3464 1335 3518 sceleratus

183 3535 277 3590 dictus
294 3555 313 3591 a
336 3537 434 3591 Tullia
458 3538 601 3607 Tarquini
618 3537 741 3606 Superbi
763 3535 948 3620 uxore,quod
967 3535 1009 3588 ibi
1027 3551 1110 3604 quom
1132 3535 1234 3588 iaceret
1247 3538 1337 3604 pater

185 3608 295 3674 occisus,
313 3612 402 3677 supra
420 3625 483 3661 eum
502 3612 665 3677 carpentum
684 3606 773 3660 mulio
792 3612 826 3660 ut
842 3608 963 3676 erigeret
975 3607 1060 3659 iussit
1078 3604 1176 3674 (Paley
1194 3604 1232 3658 ad
1249 3607 1280 3658 F.
1296 3604 1335 3661 vi.

185 3674 257 3745 609).
294 3679 368 3731 Rern
385 3687 500 3732 narrant
513 3677 572 3732 Liu.
587 3677 603 3732 i.
618 3679 660 3745 48,
675 3676 759 3731 Ouid.
774 3679 804 3731 F.
819 3675 855 3730 vi.
870 3675 998 3746 587-610.
1096 3677 1166 3729 364.
1184 3678 1332 3730 induetis.

184 3747 216 3800 F.
236 3745 272 3802 vi.
290 3748 343 3802 608
361 3748 433 3816 Duc,
450 3750 579 3817 inquam,
597 3749 706 3802 inuitas
730 3749 793 3816 ipsa
812 3751 869 3816 per
890 3763 940 3799 ora
959 3751 1044 3813 ratas,
1064 3762 1136 3814 quae
1160 3746 1248 3799 uerba
1267 3754 1333 3800 sunt

184 3815 293 3872 Tulliae
311 3816 438 3886 aurigam
457 3817 607 3873 incitantis.
679 3821 758 3872 rotis
771 3816 904 3886 carpenti,
918 3815 946 3870 in
960 3833 1015 3886 quo
1027 3815 1157 3870 uehiculo
1170 3815 1332 3885 conspirant

183 3887 508 3943 VarroLiuiusOuidius.
577 3891 724 3944 365-370.
740 3885 1334 3967 Hyg.840enomauspiartrsetAsteropes

182 3958 314 4012 Atlantis
323 3959 407 4028 filiae
416 3960 502 4029 filius
503 3998 512 4041 ,
518 3957 619 4013 babuit
634 3960 666 4012 in
684 3961 814 4028 coniugio
830 3959 975 4012 Euareten
987 3957 1098 4011 Acn'sii
1105 3959 1211 4027 filiam,
1224 3974 1261 4010 ex
1274 3973 1333 4026 qua

176 4031 343 4097 procreauit
363 4029 589 4098 Hippodamiam
612 4031 754 4099 uirginem
776 4030 896 4082 eximiae
910 4030 1033 4098 formae,
1057 4045 1143 4097 quam
1166 4027 1245 4080 nulli
1270 4027 1333 4080 r'cieo

180 4098 267 4152 dabat
283 4100 315 4152 in
332 4101 496 4169 coniugium
513 4100 592 4169 quod
604 4099 660 4153 sibi
675 4102 837 4168 responsum
846 4099 913 4168 fuit
929 4116 948 4152 a
960 4114 1065 4168 genero
1081 4103 1196 4151 martem
1212 4101 1331 4152 caueret.

180 4169 277 4238 itaque
287 4187 351 4223 rum
363 4171 519 4240 complures
529 4187 591 4223 eam
598 4173 725 4238 peterent
735 4171 768 4222 in
779 4170 950 4239 coniugium,
957 4168 1129 4222 simultatem
1141 4169 1294 4234 constituit,
1302 4183 1333 4221 se

180 4240 209 4292 ci
217 4240 355 4294 daturum
367 4243 420 4309 qui
429 4257 519 4294 secum
533 4240 682 4310 quadriga
693 4245 823 4294 certasset
834 4244 978 4307 uictorque
991 4239 1091 4291 exisset
1103 4238 1190 4306 (quod
1204 4239 1230 4290 is
1246 4254 1330 4306 equos

181 4309 325 4378 Aquilone
336 4312 485 4365 uelocieres
494 4309 604 4378 babuit)
618 4313 710 4365 uictus
721 4316 815 4364 autem
827 4310 1037 4378 interficeretur.
1067 4307 1167 4360 multis
1177 4308 1330 4375 intersectis

180 4382 331 4434 nouissime
342 4382 444 4451 Pelops
459 4381 579 4435 Tantali
586 4382 671 4451 filius
686 4397 750 4435 cum
765 4382 886 4433 uenisset
902 4385 930 4432 et
946 4377 1058 4447 capita
1074 4379 1213 4431 humana
1231 4392 1330 4455 super

181 4450 296 4508 ualuas
315 4451 376 4510 fixa
394 4451 535 4508 uidisset
554 4468 666 4509 eorum
687 4450 742 4521 qui
764 4448 1022 4520 Hippodamiam
1042 4447 1076 4503 in
1095 4463 1227 4503 uxorem
1248 4454 1329 4516 petr·

746 4540 767 4582 K
