3038 5010
644 370 688 430 ru
718 369 815 432 mru.
1189 352 1192 357 “
1267 373 1305 428 aa

157 529 263 590 domus
278 539 306 588 et
320 538 381 588 tota
395 528 453 588 nias
466 527 591 589 familia:
615 527 662 587 hic
676 537 774 588 autem
787 528 818 588 in
829 525 930 588 Leone
944 535 1029 589 natus
1042 527 1104 599 fuit,
1119 545 1208 606 quare
1224 527 1306 589 stella

156 612 209 671 luit
223 612 250 671 ei
264 610 383 687 aequa*
428 610 465 670 G.

140 740 144 745 .
198 706 266 767 513.
295 692 410 768 thue
455 691 511 751 uel
559 691 709 750 Euenus.
792 691 912 750 Ebenus
933 690 1052 767 quidam
1074 691 1179 751 cecidit
1201 691 1231 747 in
1252 689 1306 748 ilu-

155 772 276 833 Ebenus
309 773 414 833 cecidit
448 773 478 831 in
510 772 633 831 fluuium
661 773 711 850 qui
751 772 832 831 uium
841 772 1304 849 qnipriusLicormasdicebatur,

156 857 236 934 prius
264 855 357 914 dictus
385 855 543 920 Licornaas,
571 849 711 931 deinceps
753 855 805 914 sed
819 872 898 912 nunc
909 849 1051 935 [abipso]
1063 854 1178 912 Ebcnus
1193 853 1305 924 dicitur,

157 937 195 997 de
213 937 331 995 nomine
351 936 442 1012 ipsius
457 936 550 995 dictus
572 945 616 995 est
633 935 710 994 Ebc·
753 945 783 994 et
803 934 960 994 Tiberinus
982 931 1046 1016 [rex
1059 934 1242 994 Albanomm
1259 952 1305 992 ce·

156 1036 220 1078 nus.
243 1018 371 1077 similiter
380 1015 537 1076 Tiberinus
546 1015 583 1076 de
591 1016 711 1076 nomine
753 1015 822 1076 cidit
860 1016 891 1074 in
913 1015 1051 1075 Albulam
1073 1017 1124 1093 qui
1148 1034 1227 1074 nunc
1255 1011 1307 1096 [ab

157 1117 208 1159 sua
218 1099 340 1158 fluuium
348 1100 378 1157 in
389 1116 478 1174 quem
487 1096 712 1158 ceciditTiberi-
752 1098 818 1174 ipso
839 1096 942 1156 dicitur
951 1097 1305 1171 Tiberis,utaitOuidius.

158 1199 229 1240 num
243 1181 414 1239 nominauit.
460 1178 497 1239 G.
756 1178 783 1239 C
795 1177 903 1238 etAsk.

200 1275 268 1337 515.
302 1259 557 1338 Astacidaeque
598 1260 710 1322 modo.
793 1259 980 1337 Menalippus
1008 1260 1060 1319 fuit
1082 1261 1202 1338 quidam
1226 1258 1306 1318 The-

160 1343 299 1420 Supcrius
324 1342 395 1401 dixit
422 1341 574 1420 quomodo
599 1341 711 1402 Tideus
751 1342 846 1401 banus
868 1342 943 1402 filius
966 1341 1066 1401 Astaci
1091 1343 1141 1420 qui
1168 1341 1308 1416 Tydeum

159 1425 281 1485 corrosit
314 1433 402 1499 caput
441 1423 622 1500 Menalippi:
663 1423 712 1483 hic
752 1422 792 1482 ad
818 1421 944 1483 mortem
966 1422 1137 1482 uulnerauit.
1185 1423 1307 1499 Tydeus

158 1505 228 1566 dicit
262 1514 295 1563 ut
328 1504 367 1564 ad
400 1504 523 1564 modum
551 1504 713 1582 Menalippi
756 1514 854 1564 autem
875 1510 964 1582 caput
981 1503 1144 1581 Menalippi
1165 1504 1219 1563 sibi
1240 1503 1308 1561 alla·

158 1587 337 1647 corrodatur.
381 1584 418 1647 G.
755 1595 817 1645 tum
839 1604 906 1662 praa
920 1586 990 1646 odio
1009 1595 1038 1644 et
1057 1586 1097 1644 ira
1111 1585 1308 1645 conmordere

756 1677 785 1726 et
798 1667 902 1726 rodere
915 1669 1022 1745 coepit.
1044 1666 1102 1726 Sta.
1117 1667 1175 1727 Th.
1209 1665 1308 1725 Mare.

202 1761 270 1823 517.
292 1748 464 1826 Quodque
492 1747 607 1807 ferunt
633 1748 713 1808 Bro·
796 1747 923 1809 Brothea
944 1749 1024 1808 Iouis
1038 1748 1113 1808 filius
1134 1758 1308 1808 excaecatus

159 1839 246 1890 tean.
288 1829 436 1895 †Brothea
458 1829 532 1889 filius
556 1829 646 1902 Iouis,
660 1831 713 1888 im·
755 1828 906 1888 estaloue
917 1831 985 1907 quia
993 1830 1188 1907 nequissimus
1199 1838 1269 1901 erat,
1279 1838 1307 1888 et

160 1911 276 1988 pietatis
297 1912 442 1986 conscius,
465 1928 497 1970 se
517 1911 614 1987 ipsum
635 1911 714 1987 pirae
755 1910 822 1976 ideo
831 1913 954 1988 proiecit
963 1928 994 1970 se
1003 1912 1033 1970 in
1044 1912 1137 1988 piram
1148 1911 1307 1980 ardentem,

159 1993 303 2070 imposuit
352 1992 389 2054 G.
755 1993 826 2053 odio
850 1993 961 2052 habens
985 1993 1075 2052 uitam
1096 2010 1189 2063 suam,
1215 2001 1248 2052 ut
1268 1992 1308 2051 ait

520 2068 527 2081 ’
754 2073 870 2133 Darius·
914 2072 942 2134 C
953 2072 1059 2147 aiAsk.

202 2154 380 2232 Imprecatur
399 2163 524 2214 mortem
546 2154 692 2215 Brotheae
706 2154 757 2215 uel
778 2154 896 2214 Brothei
917 2155 967 2214 filii
985 2155 1111 2215 Vulcani
1132 2166 1161 2215 et
1181 2153 1308 2214 Palladis

161 2238 211 2315 qui
220 2236 595 2315 Erichthonius-dicebatur:
611 2236 667 2309 hic,
677 2255 745 2296 cum
754 2246 830 2296 esset
839 2245 953 2314 spretus
964 2236 1004 2296 ob
1015 2237 1073 2296 oris
1085 2237 1307 2308 deformitatem,

161 2328 267 2395 sponte
281 2319 312 2376 in
325 2319 475 2378 ardentem
489 2336 592 2395 pyram
612 2336 643 2378 se
663 2318 786 2378 coniecit
804 2318 895 2378 uitam
909 2317 1066 2391 fastidiens,
1079 2319 1161 2380 cuius
1175 2316 1308 2383 meminit

161 2399 314 2459 Eusebius.
356 2399 429 2476 Reg.
448 2402 535 2458 2061.

204 2497 271 2555 519.
314 2479 546 2558 Inclususque
594 2499 713 2539 necem
796 2479 990 2541 Callisthenes
1004 2481 1052 2541 uel
1069 2481 1224 2553 Choerilus,
1241 2480 1309 2559 quia

162 2581 275 2622 cauea.
298 2561 499 2635 Callisthenes,
507 2563 559 2639 qui
573 2562 714 2621 resAlex-
755 2564 925 2642 promiserat
945 2563 1027 2639 quod
1046 2573 1130 2639 gesta
1149 2561 1310 2625 Alexandri

162 2643 245 2702 andri
273 2644 395 2720 scripsit,
423 2644 453 2702 in
478 2643 610 2704 custodia
637 2643 714 2703 fame
755 2647 831 2703 bene
841 2644 1015 2705 describeret
1024 2654 1053 2704 et
1063 2645 1140 2703 male
1149 2645 1309 2722 descripsit,

163 2726 312 2802 expirauit‚
322 2742 358 2784 eo
373 2724 454 2801 quod
469 2743 571 2802 parum
586 2724 717 2802 speciose
758 2725 856 2802 posuit
869 2743 936 2784 eum
950 2726 981 2784 in
995 2744 1124 2799 caueam,
1138 2728 1189 2786 ubi
1202 2726 1309 2802 frigore

161 2824 207 2866 res
222 2807 283 2865 eius
298 2807 459 2882 scripserat
500 2808 539 2866 P.
758 2816 786 2867 et
800 2805 877 2865 fame
890 2807 982 2885 periit.
1026 2806 1054 2868 C
1066 2814 1092 2866 el
1103 2806 1173 2867 Ask.

163 2921 230 2974 Ask.
260 2921 418 2990 Salaagnius
430 2921 490 2973 haec
502 2921 579 2974 edidit
588 2919 709 2974 Alcidice
721 2920 824 2973 Aleuae
836 2919 968 2974 Larissaei
981 2919 1034 2974 filia
1046 2920 1144 2975 domus
1156 2921 1310 2975 minaeum

163 2990 301 3060 Lycoride
313 2992 375 3045 uiro
387 2990 486 3044 obmta
504 2995 554 3057 est,
567 3010 609 3045 nec
621 2993 705 3044 minas
708 2991 815 3058 futtilia
827 2993 913 3045 Mare.

200 3076 261 3127 513.
280 3062 382 3115 Similia
393 3073 436 3130 ap.
449 3063 527 3115 Mure
592 3061 714 3114 hebenus
729 3063 752 3115 G
764 3063 802 3115 bis
872 3060 988 3114 licomas
1001 3062 1026 3114 G
1090 3063 1159 3117 suG
1223 3062 1310 3115 ebnus

153 3133 300 3186 'diciturG
380 3131 415 3184 ab
432 3131 502 3201 ipso]
516 3132 601 3186 om.G
688 3131 837 3185 Tiberinus
849 3147 898 3185 rex
909 3130 1091 3202 Albanorum]
1105 3134 1190 3188 orni)
1275 3132 1310 3185 ab

164 3201 235 3272 ipso]
250 3223 299 3256 om.
313 3203 336 3257 G
404 3202 530 3272 Ouidius]
544 3204 608 3257 Met.
620 3204 695 3257 XIV.
708 3205 840 3268 614-616.

201 3290 262 3338 515.
281 3273 356 3341 capri
368 3274 446 3327 Mure
510 3289 561 3342 pro
574 3274 651 3327 Mure
717 3272 975 3328 conmodereMure
1044 3274 1071 3326 A
1084 3275 1311 3330 ueroaberrarant

168 3344 223 3399 Cet
235 3345 301 3398 Ask.
313 3344 344 3397 de
354 3343 491 3412 Hyrtacide
503 3345 568 3397 Niso
578 3346 748 3414 interpretati.

202 3429 262 3480 517.
280 3414 461 3483 nequissimus
485 3419 528 3468 est
552 3415 574 3468 G
664 3415 742 3468 Mure
764 3434 786 3468 s.
799 3432 823 3467 a.
848 3412 982 3468 Brotheas
1006 3412 1075 3467 filius
1100 3415 1174 3468 louis
1198 3421 1312 3484 propter

166 3501 242 3538 snam
266 3484 422 3552 nequiciam
447 3490 592 3539 excecatus
615 3500 632 3538 a
651 3484 719 3538 loue
742 3489 772 3538 et
796 3485 869 3538 idem
893 3500 923 3538 se
946 3485 1063 3553 proiecit
1086 3486 1114 3538 in
1139 3487 1225 3554 piram
1247 3487 1311 3540 odio

165 3555 268 3610 habens
286 3556 372 3608 uitam
390 3570 475 3609 suam.
512 3556 645 3609 Nescioan
658 3557 705 3609 hac
712 3557 840 3625 pertineat
851 3555 999 3624 qaodhabet
1013 3557 1043 3607 Η
1050 3556 1089 3609 ad
1100 3571 1150 3622 297
1165 3557 1311 3610 Themisto

166 3625 339 3679 Athamantis
355 3641 425 3678 uxor
437 3625 555 3679 Proteae
570 3626 643 3678 louis
661 3626 717 3679 filio
734 3640 872 3679 uenenum
885 3625 1080 3679 adhibendum
1093 3627 1185 3683 dedit:
1206 3629 1253 3696 qui
1270 3629 1312 3680 in·

165 3712 246 3751 sanus
258 3697 285 3750 in
298 3712 365 3765 pyra
377 3711 460 3764 quam
471 3695 577 3750 fecerat
589 3711 619 3749 se
631 3697 793 3765 composuit.
828 3698 996 3763 Hieronymus
1004 3700 1031 3750 in
1041 3698 1232 3753 Euseb.Ghron.
1239 3710 1266 3768 p.
1279 3716 1310 3764 31

165 3765 260 3822 Sch'o'ne
271 3768 465 3821 Erichthonium
474 3769 549 3835 facit
562 3767 668 3820 Vulcani
680 3777 705 3820 et
714 3768 848 3821 Mineruae
851 3767 951 3836 filium.
986 3769 1092 3822 ‘l'zetzes
1106 3779 1191 3823 autem
1204 3771 1241 3823 ad
1251 3770 1313 3837 Lyc.

169 3855 217 3891 111
231 3837 293 3891 dicit
303 3835 398 3906 Ἀθηνᾷ
409 3837 458 3890 τινὶ
471 3837 600 3906 Bacchidi,
614 3836 721 3908 θυγατρὶ
733 3837 761 3890 δὲ
771 3839 896 3907 Βροντέου
907 3836 1228 3909 ὑπαρχούσῃ,Ἤφαιστο1
1239 3843 1314 3912 γάμω

165 3893 1313 4051 1111111111’1111111111151111151111

204 4064 266 4116 519.
285 4048 472 4102 CalistenesP
530 4048 685 4116 spetioseP
745 4049 926 4104 CalistinusG
986 4051 1137 4107 CarillusG
1198 4053 1314 4107 Cerillus
1420 4072 1424 4079 ·

167 4120 232 4174 Ask.
356 4119 461 4188 positus
481 4118 534 4171 fuit
553 4119 580 4171 iu
600 4134 685 4172 cauea
704 4124 734 4172 et
753 4119 791 4172 ibi
805 4120 868 4175 Ask.
950 4122 1038 4175 latinas
1059 4133 1125 4176 recte
1146 4123 1170 4177 G
1188 4123 1315 4183 Cherilus

166 4190 299 4244 elimones
317 4187 391 4243 facta
410 4189 557 4242 Alexandri
579 4191 649 4242 male
666 4189 824 4242 describens
844 4190 873 4242 in
894 4188 1003 4243 foueam
1027 4192 1219 4260 praecipitatus
1239 4193 1314 4246 fame

165 4261 247 4328 periit
317 4261 396 4314 Mare
408 4259 573 4328 Caliphones
583 4261 628 4313 uel
640 4259 764 4329 therylus
775 4259 820 4312 uel
832 4260 974 4329 elymoues
985 4267 1061 4327 gesta
1072 4264 1163 4328 magni
1174 4263 1315 4319 alexandri

49 4386 54 4393 ,
166 4330 236 4383 male
249 4330 371 4384 scribens
387 4331 504 4384 inclusus
516 4346 601 4383 cauea
612 4329 685 4384 farne
703 4330 792 4399 periit.
805 4329 851 4383 uel
863 4331 948 4387 aliter.
966 4338 1063 4400 pactus
1078 4347 1129 4400 pro
1145 4332 1219 4386 bono
1230 4349 1315 4387 uersu

166 4401 301 4455 numisma
314 4401 365 4455 sibi
377 4401 444 4470 dari,
457 4417 508 4470 pro
525 4400 571 4455 uili
588 4400 742 4469 colaphum,
753 4401 873 4471 colaphis
889 4401 971 4471 periit
983 4404 1017 4471 cf.
1030 4405 1095 4457 Acr.
1107 4403 1145 4456 ad
1154 4405 1218 4458 Hor.
1231 4406 1267 4458 A.
1280 4408 1314 4461 P.

169 4487 229 4537 357·
