3038 5010
544 993 970 1088 PRAEFATIO.

184 1220 282 1310 IBIN
308 1250 484 1310 Ouidianam
513 1248 562 1307 diu
589 1249 754 1325 neglectam
778 1259 809 1307 ut
832 1267 929 1308 rursus
953 1251 984 1307 in
1008 1249 1104 1309 lucem
1129 1242 1327 1327 protraherem

180 1345 355 1422 ederemque
370 1343 429 1403 sors
443 1342 628 1419 potissimum
642 1342 747 1402 effecit.
785 1342 864 1401 Nam
879 1344 1025 1419 publicato
1040 1345 1070 1402 in
1085 1344 1231 1404 Catullum
1246 1361 1327 1402 corn·

180 1439 323 1497 mentario
345 1438 415 1496 dum
436 1436 610 1495 Bodleianas
632 1454 704 1512 opes
724 1455 868 1512 peruagor
888 1437 977 1496 incidi
998 1437 1028 1495 in
1050 1437 1157 1496 librum
1180 1439 1327 1508 rariorem,

180 1531 375 1608 Repertorium
407 1530 603 1590 Vocabulorum
626 1529 855 1606 Exqurizlorum
881 1549 970 1606 quem
995 1549 1073 1590 anno
1100 1546 1176 1607 1273
1201 1530 1328 1591 confecit

181 1625 334 1685 Conradus
356 1626 392 1685 de
415 1625 501 1684 Mure
523 1625 702 1693 Turicensis‚
724 1623 841 1682 saeculo
863 1643 901 1683 xv
923 1625 1078 1684 Bertoldus
1100 1627 1220 1702 quidam
1247 1625 1328 1684 Basi-

180 1720 286 1779 leensis
311 1719 385 1796 typis
410 1719 535 1778 excudit.
592 1716 652 1777 Hic
673 1718 746 1777 liber
772 1718 913 1794 disposita
939 1727 1019 1777 tenet
1045 1721 1148 1778 ordine
1171 1720 1328 1778 litterarum

180 1813 302 1872 nomina
316 1831 391 1891 quae
405 1814 436 1871 in
453 1812 557 1872 sabulis
572 1810 692 1872 Graecis
707 1811 889 1871 Romanisue
904 1813 1031 1889 mythica
1044 1814 1202 1873 maximam
1216 1823 1328 1889 partem

180 1907 321 1982 leguntur.
364 1907 519 1966 Accedunt
539 1905 621 1981 ipsae
641 1904 757 1964 fabulae
778 1915 806 1965 et
827 1905 1011 1991 loci'quibus
1033 1918 1192 1990 narrantur,
1206 1906 1328 1983 Vergilii

180 2000 293 2059 Lucani
322 2000 403 2060 Statii
435 1999 488 2058 sed
519 1999 675 2076 praecipue
704 1998 813 2071 Ouidii,
845 2018 940 2076 neque
971 2019 1007 2059 ex
1040 1998 1329 2078 Metamorphosibus

181 2095 276 2154 solum
298 2104 326 2153 et
344 2093 483 2169 Epistulis
504 2093 565 2164 sed,
580 2093 661 2169 quod
681 2092 870 2165 rarissimum,
884 2112 921 2151 ex
940 2093 1033 2153 Ibide.
1076 2083 1162 2154 Haec
1180 2112 1237 2171 ego
1257 2094 1329 2152 dum

180 2188 299 2264 perlego
324 2187 450 2246 intellexi
479 2187 581 2244 mein
609 2203 720 2244 nouum
744 2187 828 2262 quasi
853 2187 1041 2246 thensaurum
1065 2189 1328 2265 iterrpenetrasse5

180 2292 224 2340 est
238 2281 316 2339 enlm
330 2282 361 2339 in
374 2291 436 2339 toto
451 2280 594 2356 opusculo
608 2280 687 2339 rudis
701 2281 848 2356 quaedam
863 2281 1029 2357 simplicitas
1048 2299 1123 2358 quae
1138 2299 1198 2358 quo
1212 2281 1328 2357 longius

180 2392 197 2432 a
214 2374 363 2434 doctrinae
380 2376 463 2434 abest
483 2372 684 2444 adfectatione,
699 2373 756 2432 hoc
777 2374 871 2449 magis
892 2375 1004 2434 sincera
1025 2384 1054 2433 et
1074 2375 1192 2452 antiqua
1212 2384 1240 2435 et
1261 2392 1329 2432 uere

181 2467 335 2528 Heluetica
348 2468 400 2528 es't.
442 2466 483 2525 Vt
496 2467 586 2525 tribus
599 2467 696 2526 uerbis
711 2468 811 2525 omnia
825 2467 1072 2544 conprehendam,
1086 2469 1166 2528 uisus
1180 2487 1245 2527 sum
1259 2459 1329 2526 mihi

180 2563 210 2619 in
224 2570 371 2621 uetustum
392 2561 525 2621 codicem
545 2560 680 2621 incidisse
701 2562 798 2636 operis
815 2579 874 2638 quo
896 2562 1007 2621 nullum
1028 2563 1122 2639 magis
1143 2561 1181 2621 ad
1197 2571 1328 2621 uetustos

181 2654 277 2714 fontes
291 2655 422 2714 reuocari
436 2655 568 2713 debebat

223 2747 282 2808 Sed
295 2765 357 2806 non
371 2750 444 2807 intra
458 2749 514 2808 hos
527 2749 633 2807 limites
643 2748 758 2807 fortuna
769 2739 999 2821 mea‘terminata
1008 2758 1069 2807 est:
1089 2767 1159 2808 nam
1173 2759 1330 2825 postquam

181 2861 218 2900 ex
233 2841 366 2901 Merkelli
380 2842 506 2902 editione
521 2843 590 2901 anni
610 2846 685 2917 1837
702 2836 831 2901 uideram
850 2844 925 2902 inter
946 2843 1054 2922 multos
1074 2843 1180 2919 quibus
1196 2860 1266 2902 usus
1285 2853 1330 2902 est

182 2935 299 2995 codices
327 2935 417 2994 Ibidis
448 2954 539 2994 unum
571 2947 684 2995 tantum
715 2935 979 2995 Vindobonensem
1012 2939 1070 3009 885
1102 2935 1330 3013 interpolationis

181 3029 331 3088 inmunem
359 3031 396 3088 ab
424 3047 461 3088 eo
489 3029 617 3101 iudicari,
641 3031 691 3107 qui
716 3047 753 3087 ne
775 3029 838 3105 ipse
863 3029 981 3107 quidem
1005 3047 1080 3089 saec.
1094 3030 1143 3087 xiii
1168 3029 1328 3100 excederet,

181 3123 359 3198 indagabam
373 3140 444 3181 num
458 3123 523 3199 quis
538 3123 610 3182 alius
625 3132 733 3182 extaret
748 3123 842 3181 codex
857 3124 907 3200 qui
921 3132 949 3181 et
966 3123 1093 3199 ignotior
1107 3133 1136 3180 et
1150 3124 1287 3182 sincerior
1301 3133 1330 3182 et

182 3218 325 3293 antiquior
339 3226 423 3276 esset.
466 3216 530 3276 Nec
551 3236 599 3276 me
620 3216 719 3275 fefellit
740 3216 858 3292 opinio:
881 3235 950 3274 nam
970 3216 1045 3275 duos
1067 3227 1144 3275 certe
1165 3217 1264 3274 inueni
1280 3215 1331 3293 qui

181 3329 257 3370 saec.
278 3311 319 3368 xii
341 3311 521 3388 attingerent,
547 3310 820 3387 Cantabrigiensem
849 3307 905 3388 (G)
932 3309 1138 3368 Turonensem
1161 3306 1225 3394 (Τ).
1268 3308 1330 3381 Qui

181 3423 360 3481 quamquam
390 3405 509 3464 adiectis
536 3404 664 3464 Conradi
692 3405 835 3480 excerptis
866 3405 987 3463 carmini
1018 3402 1207 3463 'restaurando
1236 3421 1330 3480 prope

181 3497 369 3568 sufficiebant,
384 3516 446 3556 non
466 3498 524 3557 hoc
546 3509 701 3558 contentus
722 3488 926 3575 Phillippicum
947 3499 1033 3573 1796,
1055 3497 1218 3556 ParIsinum
1240 3508 1328 3572 7994,

182 3603 318 3666 utrosque
340 3592 477 3667 optimos,
500 3592 644 3668 prioribus
668 3592 775 3664 addidi,
801 3593 906 3670 quibus
931 3602 1082 3668 tamquam
1103 3591 1200 3650 ualido
1224 3588 1330 3649 lunda·
1392 3646 1396 3654 ,

181 3696 281 3744 mento
302 3685 390 3743 editio
411 3703 477 3744 mea
493 3687 639 3745 niteretur.
682 3685 766 3745 Duos
781 3685 946 3745 communis
960 3685 1084 3744 familiae
1099 3682 1331 3742 Holkhamicum

181 3789 210 3839 et
231 3780 437 3851 Mutinensem,
455 3780 631 3839 Vaticanum
649 3781 736 3853 1602,
757 3781 954 3850 Parmensem,
970 3796 1038 3837 curn
1054 3776 1281 3836 Vlndobonensi
1301 3786 1331 3836 et

181 3873 410 3933 Francolurtano
432 3892 506 3950 quos
527 3876 631 3934 ambos
646 3873 804 3934 Merkelius
823 3874 961 3945 ediderat,
975 3883 1025 3932 aut
1038 3882 1117 3932 totos
1131 3882 1181 3931 aut
1193 3872 1244 3930 ubi
1259 3873 1330 3930 boni

180 3968 288 4045 aliquid
303 3968 527 4044 suppeditabant
547 3968 671 4026 exhibui.
714 3966 778 4027 Nec
792 3978 891 4028 tamen
905 3968 1005 4026 nescio
1020 3985 1108 4043 posse
1123 3967 1227 4026 alicubi
1241 3966 1330 4024 latere

181 4063 270 4121 etiam
283 4062 487 4139 antiquiorem.

222 4156 282 4215 Ibis
298 4165 330 4212 ut
344 4166 411 4213 ante
426 4157 599 4214 exstinctam
614 4156 820 4215 Romanorum
837 4152 1014 4231 potestatem
1032 4150 1202 4230 interpretes
1222 4153 1329 4222 habuit,

181 4250 222 4310 sic
247 4268 285 4307 ne
308 4249 407 4307 medio
432 4248 550 4325 quidem
574 4268 649 4308 aeuo
674 4249 838 4326 legentibus
863 4258 891 4307 et
916 4247 1123 4307 adnotantibus
1147 4248 1272 4317 carebat,
1299 4254 1330 4303 ut

180 4353 320 4402 testantur
342 4342 460 4401 Scholia
480 4360 555 4417 quae
576 4343 662 4402 uariis
684 4343 780 4404 modis
803 4343 945 4400 inmutata
969 4341 1007 4400 ad
1031 4359 1085 4400 nos
1106 4340 1328 4400 descenderunt.

182 4437 242 4497 Sed
255 4455 416 4514 numquam
431 4438 546 4515 saepius
560 4438 711 4514 legebatur
726 4452 815 4514 quam
830 4445 925 4497 aetate
940 4451 998 4513 qua
1008 4434 1189 4494 Graecorum
1203 4433 1233 4491 in
1246 4430 1329 4490 Italia
