<?xml version="1.0" encoding="UTF-8"?>
<!DOCTYPE html PUBLIC "-//W3C//DTD XHTML 1.0 Transitional//EN"
    "http://www.w3.org/TR/xhtml1/DTD/xhtml1-transitional.dtd">
<html xmlns="http://www.w3.org/1999/xhtml" xml:lang="en" lang="en">
 <head>
  <title>
</title>
<meta http-equiv="Content-Type" content="text/html;charset=utf-8" />
  <meta name='ocr-system' content='tesseract 3.04.00' />
  <meta name='ocr-capabilities' content='ocr_page ocr_carea ocr_par ocr_line ocrx_word'/>
</head>
<body>
  <div class='ocr_page' id='page_1' title='image "./povidiinasonisi00elligoog_0016.png"; bbox 0 0 3038 5010; ppageno 0'>
   <div class='ocr_carea' id='block_1_1' title="bbox 634 395 1331 456">
    <p class='ocr_par' dir='ltr' id='par_1_1' title="bbox 634 395 1331 456">
     <span class='ocr_line' id='line_1_1' title="bbox 634 395 1331 456; baseline -0.001 0"><span class='ocrx_word' id='word_1_1' title='bbox 634 395 883 456; x_wconf 86' lang='lat' dir='ltr'><strong>PRAEFATIO.</strong></span> <span class='ocrx_word' id='word_1_2' title='bbox 1283 398 1331 456; x_wconf 87' lang='lat' dir='ltr'>xiii</span> 
     </span>
    </p>
   </div>
   <div class='ocr_carea' id='block_1_2' title="bbox 175 552 1333 3065">
    <p class='ocr_par' dir='ltr' id='par_1_2' title="bbox 175 552 1333 2390">
     <span class='ocr_line' id='line_1_2' title="bbox 184 552 1330 633; baseline -0.001 -18"><span class='ocrx_word' id='word_1_3' title='bbox 184 556 279 615; x_wconf 87' lang='lat' dir='ltr'>fontes</span> <span class='ocrx_word' id='word_1_4' title='bbox 300 573 445 633; x_wconf 87' lang='lat' dir='ltr'>quemque</span> <span class='ocrx_word' id='word_1_5' title='bbox 466 552 643 626; x_wconf 90' lang='lat' dir='ltr'>reuocando,</span> <span class='ocrx_word' id='word_1_6' title='bbox 665 555 760 631; x_wconf 89' lang='lat' dir='ltr'>coegit</span> <span class='ocrx_word' id='word_1_7' title='bbox 781 552 933 613; x_wconf 88' lang='lat' dir='ltr'>mendacia</span> <span class='ocrx_word' id='word_1_8' title='bbox 954 553 1044 612; x_wconf 89' lang='lat' dir='ltr'>fateri.</span> <span class='ocrx_word' id='word_1_9' title='bbox 1086 552 1287 613; x_wconf 89' lang='lat' dir='ltr'>Eruditionem</span> <span class='ocrx_word' id='word_1_10' title='bbox 1312 575 1330 614; x_wconf 90' lang='lat' dir='ltr'>a</span> 
     </span>
     <span class='ocr_line' id='line_1_3' title="bbox 183 646 1329 727; baseline -0.001 -20"><span class='ocrx_word' id='word_1_11' title='bbox 183 659 264 727; x_wconf 91' lang='lat' dir='ltr'>patre</span> <span class='ocrx_word' id='word_1_12' title='bbox 286 659 468 726; x_wconf 89' lang='lat' dir='ltr'>susceperat;</span> <span class='ocrx_word' id='word_1_13' title='bbox 494 649 542 706; x_wconf 93' lang='lat' dir='ltr'>hic</span> <span class='ocrx_word' id='word_1_14' title='bbox 559 649 637 706; x_wconf 92' lang='lat' dir='ltr'>enim</span> <span class='ocrx_word' id='word_1_15' title='bbox 658 657 687 706; x_wconf 91' lang='lat' dir='ltr'>et</span> <span class='ocrx_word' id='word_1_16' title='bbox 708 647 949 707; x_wconf 88' lang='lat' dir='ltr'>commentarium</span> <span class='ocrx_word' id='word_1_17' title='bbox 971 646 1001 704; x_wconf 95' lang='lat' dir='ltr'>in</span> <span class='ocrx_word' id='word_1_18' title='bbox 1021 647 1223 724; x_wconf 86' lang='lat' dir='ltr'>Lycophronis</span> <span class='ocrx_word' id='word_1_19' title='bbox 1241 647 1329 706; x_wconf 84' lang='lat' dir='ltr'>Alex-</span> 
     </span>
     <span class='ocr_line' id='line_1_4' title="bbox 183 738 1329 821; baseline 0 -21"><span class='ocrx_word' id='word_1_20' title='bbox 183 741 304 800; x_wconf 89' lang='lat' dir='ltr'>andram</span> <span class='ocrx_word' id='word_1_21' title='bbox 320 742 470 818; x_wconf 83' lang='lat' dir='ltr'>scripserat</span> <span class='ocrx_word' id='word_1_22' title='bbox 484 741 526 821; x_wconf 83' lang='lat' dir='ltr'>(p.</span> <span class='ocrx_word' id='word_1_23' title='bbox 540 738 610 818; x_wconf 90' lang='grc' dir='ltr'>3ο5)</span> <span class='ocrx_word' id='word_1_24' title='bbox 622 750 659 812; x_wconf 89' lang='lat' dir='ltr'>et,</span> <span class='ocrx_word' id='word_1_25' title='bbox 671 740 750 816; x_wconf 92' lang='lat' dir='ltr'>quod</span> <span class='ocrx_word' id='word_1_26' title='bbox 763 749 883 799; x_wconf 90' lang='lat' dir='ltr'>testatur</span> <span class='ocrx_word' id='word_1_27' title='bbox 897 739 971 799; x_wconf 88' lang='lat' dir='ltr'>filius</span> <span class='ocrx_word' id='word_1_28' title='bbox 985 741 1016 798; x_wconf 93' lang='lat' dir='ltr'>in</span> <span class='ocrx_word' id='word_1_29' title='bbox 1031 738 1159 817; x_wconf 64' lang='lat' dir='ltr'>*elogia</span> <span class='ocrx_word' id='word_1_30' title='bbox 1175 740 1329 800; x_wconf 90' lang='lat' dir='ltr'>multarum</span> 
     </span>
     <span class='ocr_line' id='line_1_5' title="bbox 182 829 1329 912; baseline 0.002 -20"><span class='ocrx_word' id='word_1_31' title='bbox 182 833 346 910; x_wconf 83' lang='lat' dir='ltr'>linguarum</span> <span class='ocrx_word' id='word_1_32' title='bbox 365 835 553 911; x_wconf 90' lang='lat' dir='ltr'>peritissimus</span> <span class='ocrx_word' id='word_1_33' title='bbox 568 833 619 891; x_wconf 87' lang='lat' dir='ltr'>luit</span> <span class='ocrx_word' id='word_1_34' title='bbox 633 833 675 912; x_wconf 79' lang='lat' dir='ltr'>(p.</span> <span class='ocrx_word' id='word_1_35' title='bbox 692 829 772 910; x_wconf 86' lang='grc'>212).</span> <span class='ocrx_word' id='word_1_36' title='bbox 815 833 882 907; x_wconf 89' lang='lat' dir='ltr'>Ipse</span> <span class='ocrx_word' id='word_1_37' title='bbox 896 841 969 909; x_wconf 92' lang='lat' dir='ltr'>quot</span> <span class='ocrx_word' id='word_1_38' title='bbox 986 832 1095 909; x_wconf 86' lang='lat' dir='ltr'>legerit,</span> <span class='ocrx_word' id='word_1_39' title='bbox 1110 852 1147 892; x_wconf 87' lang='lat' dir='ltr'>ex</span> <span class='ocrx_word' id='word_1_40' title='bbox 1161 843 1223 893; x_wconf 91' lang='lat' dir='ltr'>toto</span> <span class='ocrx_word' id='word_1_41' title='bbox 1238 834 1329 894; x_wconf 94' lang='lat' dir='ltr'>Com-</span> 
     </span>
     <span class='ocr_line' id='line_1_6' title="bbox 183 925 1329 1005; baseline 0.003 -20"><span class='ocrx_word' id='word_1_42' title='bbox 183 929 325 986; x_wconf 88' lang='lat' dir='ltr'>mentario</span> <span class='ocrx_word' id='word_1_43' title='bbox 344 928 485 1004; x_wconf 86' lang='lat' dir='ltr'><strong>intelliges</strong></span> <span class='ocrx_word' id='word_1_44' title='bbox 494 948 502 1000; x_wconf 89' lang='lat'>;</span> <span class='ocrx_word' id='word_1_45' title='bbox 528 945 582 985; x_wconf 89' lang='lat' dir='ltr'>nec</span> <span class='ocrx_word' id='word_1_46' title='bbox 602 945 671 986; x_wconf 89' lang='lat' dir='ltr'>sane</span> <span class='ocrx_word' id='word_1_47' title='bbox 691 926 794 985; x_wconf 91' lang='lat' dir='ltr'>clarius</span> <span class='ocrx_word' id='word_1_48' title='bbox 814 945 851 984; x_wconf 84' lang='lat' dir='ltr'>ex</span> <span class='ocrx_word' id='word_1_49' title='bbox 870 925 929 985; x_wconf 92' lang='lat' dir='ltr'>ulla</span> <span class='ocrx_word' id='word_1_50' title='bbox 946 945 976 985; x_wconf 90' lang='lat' dir='ltr'>re</span> <span class='ocrx_word' id='word_1_51' title='bbox 993 927 1144 1004; x_wconf 86' lang='lat' dir='ltr'>apparebit</span> <span class='ocrx_word' id='word_1_52' title='bbox 1157 946 1245 1005; x_wconf 88' lang='lat' dir='ltr'>quam</span> <span class='ocrx_word' id='word_1_53' title='bbox 1260 947 1329 988; x_wconf 91' lang='lat' dir='ltr'>uere</span> 
     </span>
     <span class='ocr_line' id='line_1_7' title="bbox 183 1019 1329 1097; baseline 0.003 -19"><span class='ocrx_word' id='word_1_54' title='bbox 183 1021 298 1080; x_wconf 87' lang='lat' dir='ltr'>difficile</span> <span class='ocrx_word' id='word_1_55' title='bbox 319 1039 437 1080; x_wconf 88' lang='lat' dir='ltr'>carmen</span> <span class='ocrx_word' id='word_1_56' title='bbox 459 1021 502 1080; x_wconf 91' lang='lat' dir='ltr'>sit.</span> <span class='ocrx_word' id='word_1_57' title='bbox 544 1019 622 1078; x_wconf 93' lang='lat' dir='ltr'>Nam</span> <span class='ocrx_word' id='word_1_58' title='bbox 644 1028 753 1079; x_wconf 84' lang='lat' dir='ltr'>restant</span> <span class='ocrx_word' id='word_1_59' title='bbox 774 1038 836 1079; x_wconf 95' lang='lat' dir='ltr'>non</span> <span class='ocrx_word' id='word_1_60' title='bbox 860 1038 955 1096; x_wconf 88' lang='lat' dir='ltr'>pauca</span> <span class='ocrx_word' id='word_1_61' title='bbox 975 1039 1050 1097; x_wconf 90' lang='lat' dir='ltr'>quae</span> <span class='ocrx_word' id='word_1_62' title='bbox 1071 1021 1158 1080; x_wconf 89' lang='lat' dir='ltr'>etiam</span> <span class='ocrx_word' id='word_1_63' title='bbox 1179 1031 1247 1097; x_wconf 93' lang='lat' dir='ltr'>post</span> <span class='ocrx_word' id='word_1_64' title='bbox 1269 1021 1329 1081; x_wconf 90' lang='lat' dir='ltr'>Sal-</span> 
     </span>
     <span class='ocr_line' id='line_1_8' title="bbox 183 1112 1329 1190; baseline 0.002 -19"><span class='ocrx_word' id='word_1_65' title='bbox 183 1115 281 1190; x_wconf 90' lang='lat' dir='ltr'>uagnii</span> <span class='ocrx_word' id='word_1_66' title='bbox 306 1113 448 1173; x_wconf 92' lang='lat' dir='ltr'>secundas</span> <span class='ocrx_word' id='word_1_67' title='bbox 473 1131 556 1172; x_wconf 92' lang='lat' dir='ltr'>curas</span> <span class='ocrx_word' id='word_1_68' title='bbox 581 1113 637 1170; x_wconf 89' lang='lat' dir='ltr'>sint</span> <span class='ocrx_word' id='word_1_69' title='bbox 661 1114 691 1171; x_wconf 91' lang='lat' dir='ltr'>in</span> <span class='ocrx_word' id='word_1_70' title='bbox 712 1113 853 1172; x_wconf 88' lang='lat' dir='ltr'>obscuro:</span> <span class='ocrx_word' id='word_1_71' title='bbox 882 1113 983 1173; x_wconf 92' lang='lat' dir='ltr'>uthis</span> <span class='ocrx_word' id='word_1_72' title='bbox 1008 1114 1038 1170; x_wconf 90' lang='grc'>111</span> <span class='ocrx_word' id='word_1_73' title='bbox 1062 1112 1132 1172; x_wconf 93' lang='lat' dir='ltr'>locis</span> <span class='ocrx_word' id='word_1_74' title='bbox 1155 1114 1217 1190; x_wconf 88' lang='lat' dir='ltr'>ipse</span> <span class='ocrx_word' id='word_1_75' title='bbox 1240 1112 1276 1172; x_wconf 92' lang='lat' dir='ltr'>de</span> <span class='ocrx_word' id='word_1_76' title='bbox 1297 1134 1329 1174; x_wconf 92' lang='lat' dir='ltr'>se</span> 
     </span>
     <span class='ocr_line' id='line_1_9' title="bbox 183 1206 1329 1284; baseline 0.003 -20"><span class='ocrx_word' id='word_1_77' title='bbox 183 1206 332 1283; x_wconf 82' lang='lat' dir='ltr'>professus</span> <span class='ocrx_word' id='word_1_78' title='bbox 354 1216 407 1279; x_wconf 88' lang='lat' dir='ltr'>est,</span> <span class='ocrx_word' id='word_1_79' title='bbox 427 1225 529 1265; x_wconf 91' lang='lat' dir='ltr'>uerum</span> <span class='ocrx_word' id='word_1_80' title='bbox 554 1223 614 1264; x_wconf 93' lang='lat' dir='ltr'>non</span> <span class='ocrx_word' id='word_1_81' title='bbox 639 1207 808 1282; x_wconf 86' lang='lat' dir='ltr'>repperisse.</span> <span class='ocrx_word' id='word_1_82' title='bbox 854 1206 890 1264; x_wconf 95' lang='lat' dir='ltr'>In</span> <span class='ocrx_word' id='word_1_83' title='bbox 915 1208 1071 1266; x_wconf 88' lang='lat' dir='ltr'>uerborum</span> <span class='ocrx_word' id='word_1_84' title='bbox 1096 1208 1329 1284; x_wconf 85' lang='lat' dir='ltr'>interpretatione</span> 
     </span>
     <span class='ocr_line' id='line_1_10' title="bbox 182 1300 1328 1377; baseline 0.002 -19"><span class='ocrx_word' id='word_1_85' title='bbox 182 1300 305 1358; x_wconf 90' lang='lat' dir='ltr'>multum</span> <span class='ocrx_word' id='word_1_86' title='bbox 327 1300 440 1377; x_wconf 91' lang='lat' dir='ltr'>reliquit</span> <span class='ocrx_word' id='word_1_87' title='bbox 459 1300 521 1358; x_wconf 91' lang='lat' dir='ltr'>aliis</span> <span class='ocrx_word' id='word_1_88' title='bbox 531 1319 540 1372; x_wconf 81' lang='lat'><em>3</em></span> <span class='ocrx_word' id='word_1_89' title='bbox 565 1317 787 1376; x_wconf 90' lang='lat' dir='ltr'>nonnumquam</span> <span class='ocrx_word' id='word_1_90' title='bbox 806 1300 893 1359; x_wconf 90' lang='lat' dir='ltr'>etiam</span> <span class='ocrx_word' id='word_1_91' title='bbox 913 1301 1025 1371; x_wconf 86' lang='lat' dir='ltr'>errauit,</span> <span class='ocrx_word' id='word_1_92' title='bbox 1040 1311 1072 1360; x_wconf 89' lang='lat' dir='ltr'>ut</span> <span class='ocrx_word' id='word_1_93' title='bbox 1091 1319 1118 1377; x_wconf 91' lang='lat' dir='ltr'>p.</span> <span class='ocrx_word' id='word_1_94' title='bbox 1135 1320 1193 1376; x_wconf 90' lang='grc'>323</span> <span class='ocrx_word' id='word_1_95' title='bbox 1208 1301 1328 1360; x_wconf 81' lang='lat' dir='ltr'>doetzisz‘-</span> 
     </span>
     <span class='ocr_line' id='line_1_11' title="bbox 182 1392 1327 1471; baseline 0.001 -19"><span class='ocrx_word' id='word_1_96' title='bbox 182 1413 244 1452; x_wconf 90' lang='lat' dir='ltr'>mus</span> <span class='ocrx_word' id='word_1_97' title='bbox 262 1404 410 1471; x_wconf 91' lang='lat' dir='ltr'>tamquam</span> <span class='ocrx_word' id='word_1_98' title='bbox 430 1393 467 1452; x_wconf 90' lang='lat' dir='ltr'>de</span> <span class='ocrx_word' id='word_1_99' title='bbox 486 1392 728 1470; x_wconf 90' lang='lat' dir='ltr'>philosophorum</span> <span class='ocrx_word' id='word_1_100' title='bbox 747 1411 862 1468; x_wconf 84' lang='lat' dir='ltr'>genere,</span> <span class='ocrx_word' id='word_1_101' title='bbox 879 1412 940 1452; x_wconf 95' lang='lat' dir='ltr'>non</span> <span class='ocrx_word' id='word_1_102' title='bbox 955 1394 992 1471; x_wconf 90' lang='lat' dir='ltr'>de</span> <span class='ocrx_word' id='word_1_103' title='bbox 1006 1412 1066 1452; x_wconf 91' lang='lat' dir='ltr'>uno</span> <span class='ocrx_word' id='word_1_104' title='bbox 1082 1393 1210 1468; x_wconf 88' lang='lat' dir='ltr'>Socrate,</span> <span class='ocrx_word' id='word_1_105' title='bbox 1224 1413 1253 1470; x_wconf 92' lang='lat' dir='ltr'>p.</span> <span class='ocrx_word' id='word_1_106' title='bbox 1270 1409 1327 1470; x_wconf 98' lang='grc'>347</span> 
     </span>
     <span class='ocr_line' id='line_1_12' title="bbox 183 1487 1329 1565; baseline 0 -19"><span class='ocrx_word' id='word_1_107' title='bbox 183 1487 301 1565; x_wconf 67' lang='lat' dir='ltr'>Stygius</span> <span class='ocrx_word' id='word_1_108' title='bbox 323 1490 417 1564; x_wconf 67' lang='lat' dir='ltr'>branae</span> <span class='ocrx_word' id='word_1_109' title='bbox 441 1498 589 1565; x_wconf 85' lang='lat' dir='ltr'>tamquam</span> <span class='ocrx_word' id='word_1_110' title='bbox 615 1487 651 1545; x_wconf 94' lang='lat' dir='ltr'>de</span> <span class='ocrx_word' id='word_1_111' title='bbox 675 1487 837 1547; x_wconf 85' lang='lat' dir='ltr'>Arcadicae</span> <span class='ocrx_word' id='word_1_112' title='bbox 863 1487 960 1564; x_wconf 87' lang='lat' dir='ltr'>Stygis</span> <span class='ocrx_word' id='word_1_113' title='bbox 983 1490 1056 1559; x_wconf 85' lang='lat' dir='ltr'>uim,</span> <span class='ocrx_word' id='word_1_114' title='bbox 1082 1506 1143 1547; x_wconf 95' lang='lat' dir='ltr'>non</span> <span class='ocrx_word' id='word_1_115' title='bbox 1168 1488 1204 1546; x_wconf 90' lang='lat' dir='ltr'>de</span> <span class='ocrx_word' id='word_1_116' title='bbox 1228 1490 1329 1547; x_wconf 88' lang='lat' dir='ltr'>mortis</span> 
     </span>
     <span class='ocr_line' id='line_1_13' title="bbox 175 1580 1330 1658; baseline 0 -18"><span class='ocrx_word' id='word_1_117' title='bbox 175 1582 410 1658; x_wconf 70' lang='lat' dir='ltr'>‚strangulatione</span> <span class='ocrx_word' id='word_1_118' title='bbox 428 1580 537 1641; x_wconf 91' lang='lat' dir='ltr'>dictum</span> <span class='ocrx_word' id='word_1_119' title='bbox 556 1591 641 1640; x_wconf 88' lang='lat' dir='ltr'>esset.</span> <span class='ocrx_word' id='word_1_120' title='bbox 684 1580 789 1657; x_wconf 88' lang='lat' dir='ltr'>Neque</span> <span class='ocrx_word' id='word_1_121' title='bbox 810 1580 913 1641; x_wconf 92' lang='lat' dir='ltr'>melius</span> <span class='ocrx_word' id='word_1_122' title='bbox 932 1583 958 1640; x_wconf 93' lang='lat' dir='ltr'>ei</span> <span class='ocrx_word' id='word_1_123' title='bbox 979 1599 1025 1640; x_wconf 91' lang='lat' dir='ltr'>res</span> <span class='ocrx_word' id='word_1_124' title='bbox 1039 1581 1132 1653; x_wconf 87' lang='lat' dir='ltr'>cessit,</span> <span class='ocrx_word' id='word_1_125' title='bbox 1148 1581 1239 1640; x_wconf 89' lang='lat' dir='ltr'>sicubi</span> <span class='ocrx_word' id='word_1_126' title='bbox 1258 1600 1330 1642; x_wconf 90' lang='lat' dir='ltr'>con·</span> 
     </span>
     <span class='ocr_line' id='line_1_14' title="bbox 182 1674 1330 1753; baseline 0.001 -20"><span class='ocrx_word' id='word_1_127' title='bbox 182 1676 291 1734; x_wconf 90' lang='lat' dir='ltr'>iectura</span> <span class='ocrx_word' id='word_1_128' title='bbox 305 1675 414 1752; x_wconf 91' lang='lat' dir='ltr'>aliquid</span> <span class='ocrx_word' id='word_1_129' title='bbox 427 1675 630 1753; x_wconf 88' lang='lat' dir='ltr'>reponendum</span> <span class='ocrx_word' id='word_1_130' title='bbox 645 1684 724 1747; x_wconf 90' lang='lat' dir='ltr'>erat;</span> <span class='ocrx_word' id='word_1_131' title='bbox 746 1692 814 1733; x_wconf 90' lang='lat' dir='ltr'>nam</span> <span class='ocrx_word' id='word_1_132' title='bbox 832 1693 929 1752; x_wconf 89' lang='lat' dir='ltr'>neque</span> <span class='ocrx_word' id='word_1_133' title='bbox 943 1694 1063 1751; x_wconf 82' lang='lat' dir='ltr'>gramen</span> <span class='ocrx_word' id='word_1_134' title='bbox 1076 1674 1234 1734; x_wconf 78' lang='lat' dir='ltr'>habentibus</span> <span class='ocrx_word' id='word_1_135' title='bbox 1247 1678 1330 1734; x_wconf 72' lang='lat' dir='ltr'>aruir</span> 
     </span>
     <span class='ocr_line' id='line_1_15' title="bbox 182 1767 1333 1846; baseline 0.003 -21"><span class='ocrx_word' id='word_1_136' title='bbox 182 1788 211 1846; x_wconf 90' lang='lat' dir='ltr'>p.</span> <span class='ocrx_word' id='word_1_137' title='bbox 228 1783 295 1843; x_wconf 87' lang='lat'>215,</span> <span class='ocrx_word' id='word_1_138' title='bbox 310 1788 365 1828; x_wconf 90' lang='lat' dir='ltr'>nec</span> <span class='ocrx_word' id='word_1_139' title='bbox 383 1767 434 1827; x_wconf 80' lang='lat' dir='ltr'>Sic</span> <span class='ocrx_word' id='word_1_140' title='bbox 450 1774 514 1826; x_wconf 80' lang='lat' dir='ltr'>tuus</span> <span class='ocrx_word' id='word_1_141' title='bbox 532 1769 661 1827; x_wconf 81' lang='lat' dir='ltr'>ardescat</span> <span class='ocrx_word' id='word_1_142' title='bbox 676 1769 778 1845; x_wconf 65' lang='lat' dir='ltr'>stabelis</span> <span class='ocrx_word' id='word_1_143' title='bbox 796 1770 858 1844; x_wconf 82' lang='lat' dir='ltr'>igeu</span> <span class='ocrx_word' id='word_1_144' title='bbox 877 1786 942 1845; x_wconf 81' lang='lat' dir='ltr'>rago</span> <span class='ocrx_word' id='word_1_145' title='bbox 961 1787 988 1845; x_wconf 93' lang='lat' dir='ltr'>p.</span> <span class='ocrx_word' id='word_1_146' title='bbox 1008 1782 1077 1843; x_wconf 83' lang='lat'><strong>357,</strong></span> <span class='ocrx_word' id='word_1_147' title='bbox 1091 1787 1146 1828; x_wconf 91' lang='lat' dir='ltr'>nec</span> <span class='ocrx_word' id='word_1_148' title='bbox 1160 1768 1259 1846; x_wconf 53' lang='lat' dir='ltr'>Sagire</span> <span class='ocrx_word' id='word_1_149' title='bbox 1272 1772 1333 1829; x_wconf 80' lang='lat' dir='ltr'>seni</span> 
     </span>
     <span class='ocr_line' id='line_1_16' title="bbox 182 1861 1329 1940; baseline 0.002 -20"><span class='ocrx_word' id='word_1_150' title='bbox 182 1881 211 1939; x_wconf 93' lang='lat' dir='ltr'>p.</span> <span class='ocrx_word' id='word_1_151' title='bbox 228 1876 286 1937; x_wconf 83' lang='lat'>374</span> <span class='ocrx_word' id='word_1_152' title='bbox 307 1862 404 1922; x_wconf 92' lang='lat' dir='ltr'>multis</span> <span class='ocrx_word' id='word_1_153' title='bbox 425 1863 604 1940; x_wconf 89' lang='lat' dir='ltr'>persuaserit.</span> <span class='ocrx_word' id='word_1_154' title='bbox 647 1861 705 1921; x_wconf 87' lang='lat' dir='ltr'>Sed</span> <span class='ocrx_word' id='word_1_155' title='bbox 719 1872 818 1920; x_wconf 89' lang='lat' dir='ltr'>tamen</span> <span class='ocrx_word' id='word_1_156' title='bbox 832 1880 868 1920; x_wconf 86' lang='lat' dir='ltr'>ex</span> <span class='ocrx_word' id='word_1_157' title='bbox 882 1861 1107 1922; x_wconf 84' lang='lat' dir='ltr'>Commentariis</span> <span class='ocrx_word' id='word_1_158' title='bbox 1120 1863 1170 1939; x_wconf 93' lang='lat' dir='ltr'>qui</span> <span class='ocrx_word' id='word_1_159' title='bbox 1188 1863 1250 1922; x_wconf 91' lang='lat' dir='ltr'>eius</span> <span class='ocrx_word' id='word_1_160' title='bbox 1265 1865 1329 1923; x_wconf 89' lang='lat' dir='ltr'>aeui</span> 
     </span>
     <span class='ocr_line' id='line_1_17' title="bbox 183 1955 1330 2033; baseline 0.003 -19"><span class='ocrx_word' id='word_1_161' title='bbox 183 1957 240 2015; x_wconf 91' lang='lat' dir='ltr'>sint</span> <span class='ocrx_word' id='word_1_162' title='bbox 259 1955 370 2015; x_wconf 93' lang='lat' dir='ltr'>nullum</span> <span class='ocrx_word' id='word_1_163' title='bbox 384 1955 522 2033; x_wconf 88' lang='lat' dir='ltr'>equidem</span> <span class='ocrx_word' id='word_1_164' title='bbox 537 1957 607 2016; x_wconf 91' lang='lat' dir='ltr'>noui</span> <span class='ocrx_word' id='word_1_165' title='bbox 621 1956 671 2033; x_wconf 92' lang='lat' dir='ltr'>qui</span> <span class='ocrx_word' id='word_1_166' title='bbox 687 1955 882 2031; x_wconf 88' lang='lat' dir='ltr'>Saluagniano</span> <span class='ocrx_word' id='word_1_167' title='bbox 896 1974 948 2032; x_wconf 91' lang='lat' dir='ltr'>par</span> <span class='ocrx_word' id='word_1_168' title='bbox 962 1956 1014 2015; x_wconf 90' lang='lat' dir='ltr'>sit:</span> <span class='ocrx_word' id='word_1_169' title='bbox 1035 1974 1104 2014; x_wconf 88' lang='lat' dir='ltr'>narn</span> <span class='ocrx_word' id='word_1_170' title='bbox 1119 1958 1206 2015; x_wconf 87' lang='lat' dir='ltr'>etiam</span> <span class='ocrx_word' id='word_1_171' title='bbox 1220 1956 1330 2017; x_wconf 89' lang='lat' dir='ltr'>Casau·</span> 
     </span>
     <span class='ocr_line' id='line_1_18' title="bbox 183 2049 1329 2127; baseline 0.003 -20"><span class='ocrx_word' id='word_1_172' title='bbox 183 2050 263 2108; x_wconf 92' lang='lat' dir='ltr'>bono</span> <span class='ocrx_word' id='word_1_173' title='bbox 291 2049 439 2127; x_wconf 87' lang='lat' dir='ltr'>Scaligero</span> <span class='ocrx_word' id='word_1_174' title='bbox 470 2050 615 2110; x_wconf 90' lang='lat' dir='ltr'>Lambino</span> <span class='ocrx_word' id='word_1_175' title='bbox 643 2050 713 2109; x_wconf 91' lang='lat' dir='ltr'>uiris</span> <span class='ocrx_word' id='word_1_176' title='bbox 744 2049 826 2108; x_wconf 91' lang='lat' dir='ltr'>omni</span> <span class='ocrx_word' id='word_1_177' title='bbox 860 2049 946 2108; x_wconf 90' lang='lat' dir='ltr'>laude</span> <span class='ocrx_word' id='word_1_178' title='bbox 977 2050 1143 2121; x_wconf 71' lang='lat' dir='ltr'>maioribus</span> <span class='ocrx_word' id='word_1_179' title='bbox 1172 2068 1233 2109; x_wconf 94' lang='lat' dir='ltr'>non</span> <span class='ocrx_word' id='word_1_180' title='bbox 1264 2070 1329 2111; x_wconf 92' lang='lat' dir='ltr'>raro</span> 
     </span>
     <span class='ocr_line' id='line_1_19' title="bbox 183 2142 1330 2221; baseline 0.004 -21"><span class='ocrx_word' id='word_1_181' title='bbox 183 2143 305 2220; x_wconf 86' lang='lat' dir='ltr'>contigit</span> <span class='ocrx_word' id='word_1_182' title='bbox 323 2142 410 2202; x_wconf 90' lang='lat' dir='ltr'>dubia</span> <span class='ocrx_word' id='word_1_183' title='bbox 429 2153 518 2221; x_wconf 89' lang='lat' dir='ltr'>atque</span> <span class='ocrx_word' id='word_1_184' title='bbox 532 2142 607 2202; x_wconf 89' lang='lat' dir='ltr'>adeo</span> <span class='ocrx_word' id='word_1_185' title='bbox 621 2161 711 2220; x_wconf 91' lang='lat' dir='ltr'>praua</span> <span class='ocrx_word' id='word_1_186' title='bbox 725 2160 852 2219; x_wconf 90' lang='lat' dir='ltr'>ponere:</span> <span class='ocrx_word' id='word_1_187' title='bbox 875 2143 942 2202; x_wconf 92' lang='lat' dir='ltr'>huic</span> <span class='ocrx_word' id='word_1_188' title='bbox 956 2153 1015 2201; x_wconf 90' lang='lat' dir='ltr'>tam</span> <span class='ocrx_word' id='word_1_189' title='bbox 1031 2153 1168 2203; x_wconf 86' lang='lat' dir='ltr'>constans</span> <span class='ocrx_word' id='word_1_190' title='bbox 1183 2143 1330 2221; x_wconf 90' lang='lat' dir='ltr'>diligentia</span> 
     </span>
     <span class='ocr_line' id='line_1_20' title="bbox 182 2235 1329 2315; baseline 0.003 -21"><span class='ocrx_word' id='word_1_191' title='bbox 182 2236 212 2294; x_wconf 93' lang='lat' dir='ltr'>in</span> <span class='ocrx_word' id='word_1_192' title='bbox 237 2255 326 2314; x_wconf 92' lang='lat' dir='ltr'>opere</span> <span class='ocrx_word' id='word_1_193' title='bbox 348 2247 486 2314; x_wconf 91' lang='lat' dir='ltr'>suscepto</span> <span class='ocrx_word' id='word_1_194' title='bbox 511 2238 563 2296; x_wconf 88' lang='lat' dir='ltr'>fuit</span> <span class='ocrx_word' id='word_1_195' title='bbox 588 2246 620 2296; x_wconf 96' lang='lat' dir='ltr'>ut</span> <span class='ocrx_word' id='word_1_196' title='bbox 644 2236 793 2296; x_wconf 90' lang='lat' dir='ltr'>doctrinae</span> <span class='ocrx_word' id='word_1_197' title='bbox 816 2235 945 2295; x_wconf 87' lang='lat' dir='ltr'>Gallicae</span> <span class='ocrx_word' id='word_1_198' title='bbox 970 2237 1056 2296; x_wconf 92' lang='lat' dir='ltr'>etiam</span> <span class='ocrx_word' id='word_1_199' title='bbox 1082 2255 1160 2296; x_wconf 88' lang='lat' dir='ltr'>nune</span> <span class='ocrx_word' id='word_1_200' title='bbox 1186 2238 1329 2315; x_wconf 89' lang='lat' dir='ltr'>singulare</span> 
     </span>
     <span class='ocr_line' id='line_1_21' title="bbox 183 2339 509 2390; baseline 0.003 -3"><span class='ocrx_word' id='word_1_201' title='bbox 183 2339 260 2390; x_wconf 85' lang='lat' dir='ltr'>extet</span> <span class='ocrx_word' id='word_1_202' title='bbox 273 2342 509 2390; x_wconf 91' lang='lat' dir='ltr'>monumentum.</span> 
     </span>
    </p>

    <p class='ocr_par' dir='ltr' id='par_1_3' title="bbox 180 2423 1329 3065">
     <span class='ocr_line' id='line_1_22' title="bbox 222 2423 1329 2504; baseline 0.005 -24"><span class='ocrx_word' id='word_1_203' title='bbox 222 2424 302 2483; x_wconf 91' lang='lat' dir='ltr'>Vsus</span> <span class='ocrx_word' id='word_1_204' title='bbox 313 2435 356 2484; x_wconf 91' lang='lat' dir='ltr'>est</span> <span class='ocrx_word' id='word_1_205' title='bbox 368 2423 540 2502; x_wconf 85' lang='lat' dir='ltr'>Saluagnius</span> <span class='ocrx_word' id='word_1_206' title='bbox 551 2424 653 2485; x_wconf 91' lang='lat' dir='ltr'>codice</span> <span class='ocrx_word' id='word_1_207' title='bbox 665 2425 863 2485; x_wconf 87' lang='lat' dir='ltr'>Bibliothecae</span> <span class='ocrx_word' id='word_1_208' title='bbox 875 2425 1140 2498; x_wconf 86' lang='lat' dir='ltr'>San-Victorianae,</span> <span class='ocrx_word' id='word_1_209' title='bbox 1151 2445 1223 2504; x_wconf 89' lang='lat' dir='ltr'>quas</span> <span class='ocrx_word' id='word_1_210' title='bbox 1237 2445 1329 2486; x_wconf 91' lang='lat' dir='ltr'>mem-</span> 
     </span>
     <span class='ocr_line' id='line_1_23' title="bbox 180 2517 1329 2598; baseline 0.004 -23"><span class='ocrx_word' id='word_1_211' title='bbox 180 2518 285 2577; x_wconf 91' lang='lat' dir='ltr'>branas</span> <span class='ocrx_word' id='word_1_212' title='bbox 306 2519 431 2578; x_wconf 89' lang='lat' dir='ltr'>cariosas</span> <span class='ocrx_word' id='word_1_213' title='bbox 447 2518 487 2598; x_wconf 86' lang='lat' dir='ltr'>(p.</span> <span class='ocrx_word' id='word_1_214' title='bbox 506 2517 577 2597; x_wconf 82' lang='lat'><em>197)</em></span> <span class='ocrx_word' id='word_1_215' title='bbox 592 2520 645 2578; x_wconf 92' lang='lat' dir='ltr'>sed</span> <span class='ocrx_word' id='word_1_216' title='bbox 666 2520 793 2596; x_wconf 90' lang='lat' dir='ltr'>optimae</span> <span class='ocrx_word' id='word_1_217' title='bbox 812 2529 899 2578; x_wconf 90' lang='lat' dir='ltr'>notae</span> <span class='ocrx_word' id='word_1_218' title='bbox 916 2520 956 2594; x_wconf 89' lang='lat' dir='ltr'>(p.</span> <span class='ocrx_word' id='word_1_219' title='bbox 976 2522 1045 2591; x_wconf 88' lang='lat'>144)</span> <span class='ocrx_word' id='word_1_220' title='bbox 1063 2531 1168 2579; x_wconf 87' lang='lat' dir='ltr'>uocat:</span> <span class='ocrx_word' id='word_1_221' title='bbox 1194 2521 1243 2597; x_wconf 92' lang='lat' dir='ltr'>qui</span> <span class='ocrx_word' id='word_1_222' title='bbox 1263 2540 1329 2581; x_wconf 91' lang='lat' dir='ltr'>curn</span> 
     </span>
     <span class='ocr_line' id='line_1_24' title="bbox 180 2610 1328 2694; baseline 0.003 -25"><span class='ocrx_word' id='word_1_223' title='bbox 180 2610 267 2670; x_wconf 92' lang='lat' dir='ltr'>hodie</span> <span class='ocrx_word' id='word_1_224' title='bbox 282 2611 377 2683; x_wconf 89' lang='lat' dir='ltr'>lateat,</span> <span class='ocrx_word' id='word_1_225' title='bbox 393 2630 499 2690; x_wconf 89' lang='lat' dir='ltr'>operae</span> <span class='ocrx_word' id='word_1_226' title='bbox 514 2623 557 2671; x_wconf 90' lang='lat' dir='ltr'>est</span> <span class='ocrx_word' id='word_1_227' title='bbox 571 2613 618 2671; x_wconf 95' lang='lat' dir='ltr'>hic</span> <span class='ocrx_word' id='word_1_228' title='bbox 633 2613 762 2690; x_wconf 89' lang='lat' dir='ltr'>proferre</span> <span class='ocrx_word' id='word_1_229' title='bbox 777 2631 851 2690; x_wconf 89' lang='lat' dir='ltr'>quae</span> <span class='ocrx_word' id='word_1_230' title='bbox 866 2631 902 2671; x_wconf 84' lang='lat' dir='ltr'>ex</span> <span class='ocrx_word' id='word_1_231' title='bbox 917 2631 953 2671; x_wconf 93' lang='lat' dir='ltr'>eo</span> <span class='ocrx_word' id='word_1_232' title='bbox 968 2613 1074 2681; x_wconf 86' lang='lat' dir='ltr'>citauit,</span> <span class='ocrx_word' id='word_1_233' title='bbox 1085 2611 1200 2691; x_wconf 65' lang='lat' dir='ltr'>lauriger</span> <span class='ocrx_word' id='word_1_234' title='bbox 1214 2613 1255 2694; x_wconf 90' lang='lat' dir='ltr'>(p.</span> <span class='ocrx_word' id='word_1_235' title='bbox 1269 2628 1284 2690; x_wconf 84' lang='lat'>7</span> <span class='ocrx_word' id='word_1_236' title='bbox 1307 2612 1328 2692; x_wconf 92' lang='grc'>),</span> 
     </span>
     <span class='ocr_line' id='line_1_25' title="bbox 180 2704 1328 2786; baseline 0.003 -24"><span class='ocrx_word' id='word_1_237' title='bbox 180 2722 239 2763; x_wconf 89' lang='lat' dir='ltr'>orn.</span> <span class='ocrx_word' id='word_1_238' title='bbox 260 2724 309 2764; x_wconf 90' lang='lat' dir='ltr'>uu.</span> <span class='ocrx_word' id='word_1_239' title='bbox 333 2725 399 2780; x_wconf 90' lang='grc'>291,</span> <span class='ocrx_word' id='word_1_240' title='bbox 424 2726 438 2763; x_wconf 91' lang='grc'>2</span> <span class='ocrx_word' id='word_1_241' title='bbox 461 2707 501 2786; x_wconf 85' lang='lat' dir='ltr'>(p.</span> <span class='ocrx_word' id='word_1_242' title='bbox 529 2708 609 2779; x_wconf 87' lang='lat'>144),</span> <span class='ocrx_word' id='word_1_243' title='bbox 630 2724 658 2765; x_wconf 93' lang='lat' dir='ltr'>u.</span> <span class='ocrx_word' id='word_1_244' title='bbox 682 2707 741 2782; x_wconf 85' lang='lat'>316</span> <span class='ocrx_word' id='word_1_245' title='bbox 763 2706 905 2765; x_wconf 79' lang='lat' dir='ltr'>subsidens</span> <span class='ocrx_word' id='word_1_246' title='bbox 926 2706 967 2783; x_wconf 81' lang='lat' dir='ltr'>(p.</span> <span class='ocrx_word' id='word_1_247' title='bbox 993 2704 1072 2785; x_wconf 86' lang='lat'>158),</span> <span class='ocrx_word' id='word_1_248' title='bbox 1093 2725 1120 2765; x_wconf 89' lang='lat' dir='ltr'>u.</span> <span class='ocrx_word' id='word_1_249' title='bbox 1147 2711 1204 2783; x_wconf 84' lang='grc'>378</span> <span class='ocrx_word' id='word_1_250' title='bbox 1226 2711 1328 2785; x_wconf 79' lang='lat' dir='ltr'>spinga</span> 
     </span>
     <span class='ocr_line' id='line_1_26' title="bbox 182 2796 1328 2880; baseline 0.004 -25"><span class='ocrx_word' id='word_1_251' title='bbox 182 2799 223 2874; x_wconf 84' lang='lat' dir='ltr'>(p.</span> <span class='ocrx_word' id='word_1_252' title='bbox 238 2796 317 2876; x_wconf 89' lang='grc'>197),</span> <span class='ocrx_word' id='word_1_253' title='bbox 332 2819 360 2858; x_wconf 91' lang='lat' dir='ltr'>u.</span> <span class='ocrx_word' id='word_1_254' title='bbox 372 2814 428 2875; x_wconf 84' lang='lat'>447</span> <span class='ocrx_word' id='word_1_255' title='bbox 444 2807 555 2876; x_wconf 76' lang='lat' dir='ltr'>aterque</span> <span class='ocrx_word' id='word_1_256' title='bbox 569 2800 704 2858; x_wconf 81' lang='lat' dir='ltr'>Medusae</span> <span class='ocrx_word' id='word_1_257' title='bbox 716 2800 757 2880; x_wconf 84' lang='lat' dir='ltr'>(p.</span> <span class='ocrx_word' id='word_1_258' title='bbox 770 2800 849 2879; x_wconf 88' lang='grc'>241),</span> <span class='ocrx_word' id='word_1_259' title='bbox 861 2819 888 2858; x_wconf 93' lang='lat' dir='ltr'>u.</span> <span class='ocrx_word' id='word_1_260' title='bbox 901 2813 958 2875; x_wconf 93' lang='grc'>473</span> <span class='ocrx_word' id='word_1_261' title='bbox 974 2807 1006 2858; x_wconf 84' lang='lat' dir='ltr'>ut</span> <span class='ocrx_word' id='word_1_262' title='bbox 1018 2802 1083 2858; x_wconf 78' lang='lat' dir='ltr'>nali</span> <span class='ocrx_word' id='word_1_263' title='bbox 1093 2803 1230 2878; x_wconf 79' lang='lat' dir='ltr'>sanguim</span> <span class='ocrx_word' id='word_1_264' title='bbox 1243 2804 1328 2860; x_wconf 84' lang='lat' dir='ltr'>eadem</span> 
     </span>
     <span class='ocr_line' id='line_1_27' title="bbox 182 2890 1329 2974; baseline 0.005 -26"><span class='ocrx_word' id='word_1_265' title='bbox 182 2890 223 2968; x_wconf 83' lang='lat' dir='ltr'>(p.</span> <span class='ocrx_word' id='word_1_266' title='bbox 238 2891 316 2971; x_wconf 89' lang='grc'>264),</span> <span class='ocrx_word' id='word_1_267' title='bbox 332 2912 360 2953; x_wconf 91' lang='lat' dir='ltr'>u.</span> <span class='ocrx_word' id='word_1_268' title='bbox 373 2909 430 2969; x_wconf 88' lang='lat'>545</span> <span class='ocrx_word' id='word_1_269' title='bbox 443 2894 620 2970; x_wconf 82' lang='lat' dir='ltr'>Harpalyces</span> <span class='ocrx_word' id='word_1_270' title='bbox 632 2894 673 2974; x_wconf 83' lang='lat' dir='ltr'>(p.</span> <span class='ocrx_word' id='word_1_271' title='bbox 688 2893 767 2972; x_wconf 88' lang='grc'>313),</span> <span class='ocrx_word' id='word_1_272' title='bbox 783 2913 810 2952; x_wconf 91' lang='lat' dir='ltr'>u.</span> <span class='ocrx_word' id='word_1_273' title='bbox 823 2896 878 2951; x_wconf 90' lang='grc'>621</span> <span class='ocrx_word' id='word_1_274' title='bbox 896 2892 1182 2953; x_wconf 80' lang='lat' dir='ltr'>Aethalon—Isrih‘us</span> <span class='ocrx_word' id='word_1_275' title='bbox 1196 2894 1236 2974; x_wconf 89' lang='lat' dir='ltr'>(p.</span> <span class='ocrx_word' id='word_1_276' title='bbox 1248 2909 1284 2971; x_wconf 93' lang='grc'>37</span> <span class='ocrx_word' id='word_1_277' title='bbox 1308 2895 1329 2974; x_wconf 93' lang='grc'>).</span> 
     </span>
     <span class='ocr_line' id='line_1_28' title="bbox 181 2983 1329 3065; baseline 0.003 -23"><span class='ocrx_word' id='word_1_278' title='bbox 181 2983 316 3062; x_wconf 91' lang='lat' dir='ltr'>Denique</span> <span class='ocrx_word' id='word_1_279' title='bbox 330 2986 468 3047; x_wconf 88' lang='lat' dir='ltr'>Veterem</span> <span class='ocrx_word' id='word_1_280' title='bbox 484 2988 676 3065; x_wconf 90' lang='lat' dir='ltr'>Interpretem</span> <span class='ocrx_word' id='word_1_281' title='bbox 694 3005 751 3063; x_wconf 92' lang='lat' dir='ltr'>ope</span> <span class='ocrx_word' id='word_1_282' title='bbox 766 2988 889 3045; x_wconf 92' lang='lat' dir='ltr'>duorum</span> <span class='ocrx_word' id='word_1_283' title='bbox 904 2987 1040 3045; x_wconf 90' lang='lat' dir='ltr'>codicum</span> <span class='ocrx_word' id='word_1_284' title='bbox 1055 3005 1143 3045; x_wconf 91' lang='lat' dir='ltr'>manu</span> <span class='ocrx_word' id='word_1_285' title='bbox 1158 2989 1329 3063; x_wconf 88' lang='lat' dir='ltr'>scriptorum</span> 
     </span>
    </p>
   </div>
   <div class='ocr_carea' id='block_1_3' title="bbox 181 3078 1415 3156">
    <p class='ocr_par' dir='ltr' id='par_1_4' title="bbox 181 3078 1415 3156">
     <span class='ocr_line' id='line_1_29' title="bbox 181 3078 1415 3156; baseline 0.003 -21"><span class='ocrx_word' id='word_1_286' title='bbox 181 3079 400 3155; x_wconf 87' lang='lat' dir='ltr'>locupletiorem</span> <span class='ocrx_word' id='word_1_287' title='bbox 415 3092 443 3140; x_wconf 89' lang='lat' dir='ltr'>et</span> <span class='ocrx_word' id='word_1_288' title='bbox 458 3083 685 3140; x_wconf 89' lang='lat' dir='ltr'>emendatiorem</span> <span class='ocrx_word' id='word_1_289' title='bbox 701 3081 790 3140; x_wconf 93' lang='lat' dir='ltr'>edidit</span> <span class='ocrx_word' id='word_1_290' title='bbox 807 3092 955 3155; x_wconf 90' lang='lat' dir='ltr'>tamquam</span> <span class='ocrx_word' id='word_1_291' title='bbox 971 3080 1164 3156; x_wconf 89' lang='lat' dir='ltr'>appendicem</span> <span class='ocrx_word' id='word_1_292' title='bbox 1179 3097 1328 3139; x_wconf 91' lang='lat' dir='ltr'>commen·</span> <span class='ocrx_word' id='word_1_293' title='bbox 1413 3078 1415 3082; x_wconf 70' lang='grc'>’</span> 
     </span>
    </p>
   </div>
   <div class='ocr_carea' id='block_1_4' title="bbox 181 3171 1330 4274">
    <p class='ocr_par' dir='ltr' id='par_1_5' title="bbox 182 3171 732 3251">
     <span class='ocr_line' id='line_1_30' title="bbox 182 3171 732 3251; baseline 0.013 -24"><span class='ocrx_word' id='word_1_294' title='bbox 182 3171 251 3241; x_wconf 87' lang='grc'>12111,</span> <span class='ocrx_word' id='word_1_295' title='bbox 266 3189 354 3248; x_wconf 89' lang='lat' dir='ltr'>quern</span> <span class='ocrx_word' id='word_1_296' title='bbox 368 3174 425 3232; x_wconf 89' lang='lat' dir='ltr'>iam</span> <span class='ocrx_word' id='word_1_297' title='bbox 441 3176 544 3233; x_wconf 90' lang='lat' dir='ltr'>iterum</span> <span class='ocrx_word' id='word_1_298' title='bbox 557 3175 732 3251; x_wconf 91' lang='lat' dir='ltr'>publicabat.</span> 
     </span>
    </p>

    <p class='ocr_par' dir='ltr' id='par_1_6' title="bbox 181 3264 1330 4274">
     <span class='ocr_line' id='line_1_31' title="bbox 223 3264 1329 3345; baseline 0.003 -22"><span class='ocrx_word' id='word_1_299' title='bbox 223 3264 410 3342; x_wconf 83' lang='lat' dir='ltr'>Saluaguium</span> <span class='ocrx_word' id='word_1_300' title='bbox 431 3270 480 3345; x_wconf 90' lang='lat' dir='ltr'>qui</span> <span class='ocrx_word' id='word_1_301' title='bbox 502 3278 584 3327; x_wconf 87' lang='lat' dir='ltr'>norat</span> <span class='ocrx_word' id='word_1_302' title='bbox 606 3268 746 3327; x_wconf 89' lang='lat' dir='ltr'>Nicolaus</span> <span class='ocrx_word' id='word_1_303' title='bbox 764 3266 904 3326; x_wconf 90' lang='lat' dir='ltr'>Heinsius</span> <span class='ocrx_word' id='word_1_304' title='bbox 925 3285 1051 3345; x_wconf 92' lang='lat' dir='ltr'>cumque</span> <span class='ocrx_word' id='word_1_305' title='bbox 1073 3284 1108 3325; x_wconf 94' lang='lat' dir='ltr'>eo</span> <span class='ocrx_word' id='word_1_306' title='bbox 1131 3266 1270 3325; x_wconf 93' lang='lat' dir='ltr'>nonnulla</span> <span class='ocrx_word' id='word_1_307' title='bbox 1292 3267 1329 3326; x_wconf 92' lang='lat' dir='ltr'>de</span> 
     </span>
     <span class='ocr_line' id='line_1_32' title="bbox 181 3357 1329 3441; baseline 0.003 -26"><span class='ocrx_word' id='word_1_308' title='bbox 181 3357 264 3417; x_wconf 91' lang='lat' dir='ltr'>Ibide</span> <span class='ocrx_word' id='word_1_309' title='bbox 284 3363 519 3433; x_wconf 89' lang='lat' dir='ltr'>communicarat,</span> <span class='ocrx_word' id='word_1_310' title='bbox 536 3361 598 3441; x_wconf 83' lang='lat' dir='ltr'>(pp.</span> <span class='ocrx_word' id='word_1_311' title='bbox 616 3382 681 3437; x_wconf 88' lang='grc' dir='ltr'>13ο,</span> <span class='ocrx_word' id='word_1_312' title='bbox 701 3360 770 3439; x_wconf 86' lang='grc'>189)</span> <span class='ocrx_word' id='word_1_313' title='bbox 785 3362 846 3437; x_wconf 92' lang='lat' dir='ltr'>ipse</span> <span class='ocrx_word' id='word_1_314' title='bbox 864 3369 975 3419; x_wconf 86' lang='lat' dir='ltr'>textum</span> <span class='ocrx_word' id='word_1_315' title='bbox 995 3361 1129 3419; x_wconf 91' lang='lat' dir='ltr'>carminis</span> <span class='ocrx_word' id='word_1_316' title='bbox 1143 3361 1285 3419; x_wconf 88' lang='lat' dir='ltr'>recensuit</span> <span class='ocrx_word' id='word_1_317' title='bbox 1299 3362 1329 3418; x_wconf 93' lang='lat' dir='ltr'>in</span> 
     </span>
     <span class='ocr_line' id='line_1_33' title="bbox 182 3451 1330 3533; baseline 0.002 -23"><span class='ocrx_word' id='word_1_318' title='bbox 182 3451 308 3512; x_wconf 91' lang='lat' dir='ltr'>editione</span> <span class='ocrx_word' id='word_1_319' title='bbox 318 3451 416 3512; x_wconf 91' lang='lat' dir='ltr'>Ouidii</span> <span class='ocrx_word' id='word_1_320' title='bbox 428 3473 550 3531; x_wconf 91' lang='lat' dir='ltr'>operum</span> <span class='ocrx_word' id='word_1_321' title='bbox 563 3474 638 3533; x_wconf 93' lang='lat' dir='ltr'>quae</span> <span class='ocrx_word' id='word_1_322' title='bbox 654 3454 721 3514; x_wconf 93' lang='lat' dir='ltr'>inde</span> <span class='ocrx_word' id='word_1_323' title='bbox 736 3457 774 3513; x_wconf 92' lang='lat' dir='ltr'>ab</span> <span class='ocrx_word' id='word_1_324' title='bbox 784 3459 885 3517; x_wconf 90' lang='lat' dir='ltr'>anno†</span> <span class='ocrx_word' id='word_1_325' title='bbox 899 3469 974 3529; x_wconf 89' lang='lat'>1552</span> <span class='ocrx_word' id='word_1_326' title='bbox 988 3471 1197 3530; x_wconf 89' lang='lat' dir='ltr'>saepenumero</span> <span class='ocrx_word' id='word_1_327' title='bbox 1209 3454 1330 3530; x_wconf 90' lang='lat' dir='ltr'>repetita</span> 
     </span>
     <span class='ocr_line' id='line_1_34' title="bbox 181 3545 1328 3626; baseline 0.002 -24"><span class='ocrx_word' id='word_1_328' title='bbox 181 3545 296 3622; x_wconf 91' lang='lat' dir='ltr'>prodiit.</span> <span class='ocrx_word' id='word_1_329' title='bbox 339 3546 399 3618; x_wconf 90' lang='lat' dir='ltr'>Qui</span> <span class='ocrx_word' id='word_1_330' title='bbox 413 3548 473 3607; x_wconf 89' lang='lat' dir='ltr'>siue</span> <span class='ocrx_word' id='word_1_331' title='bbox 489 3550 569 3626; x_wconf 93' lang='lat' dir='ltr'>quod</span> <span class='ocrx_word' id='word_1_332' title='bbox 585 3550 713 3608; x_wconf 86' lang='lat' dir='ltr'>‘codices</span> <span class='ocrx_word' id='word_1_333' title='bbox 733 3550 782 3626; x_wconf 94' lang='lat' dir='ltr'>qui</span> <span class='ocrx_word' id='word_1_334' title='bbox 797 3558 969 3607; x_wconf 87' lang='lat' dir='ltr'>uetustatem</span> <span class='ocrx_word' id='word_1_335' title='bbox 984 3558 1012 3607; x_wconf 89' lang='lat' dir='ltr'>et</span> <span class='ocrx_word' id='word_1_336' title='bbox 1026 3565 1146 3606; x_wconf 90' lang='lat' dir='ltr'>manum</span> <span class='ocrx_word' id='word_1_337' title='bbox 1160 3547 1328 3624; x_wconf 86' lang='lat' dir='ltr'>castigatam</span> 
     </span>
     <span class='ocr_line' id='line_1_35' title="bbox 181 3638 1329 3718; baseline 0.003 -24"><span class='ocrx_word' id='word_1_338' title='bbox 181 3655 250 3714; x_wconf 89' lang='lat' dir='ltr'>prae</span> <span class='ocrx_word' id='word_1_339' title='bbox 262 3657 293 3697; x_wconf 91' lang='lat' dir='ltr'>se</span> <span class='ocrx_word' id='word_1_340' title='bbox 309 3639 423 3713; x_wconf 88' lang='lat' dir='ltr'>ferrent,</span> <span class='ocrx_word' id='word_1_341' title='bbox 434 3643 482 3700; x_wconf 84' lang='lat' dir='ltr'>uix</span> <span class='ocrx_word' id='word_1_342' title='bbox 497 3643 705 3702; x_wconf 88' lang='lat' dir='ltr'>inuenirentur&#39;</span> <span class='ocrx_word' id='word_1_343' title='bbox 715 3641 806 3700; x_wconf 90' lang='lat' dir='ltr'>Ibidis</span> <span class='ocrx_word' id='word_1_344' title='bbox 820 3642 881 3700; x_wconf 91' lang='lat' dir='ltr'>siue</span> <span class='ocrx_word' id='word_1_345' title='bbox 896 3642 976 3718; x_wconf 91' lang='lat' dir='ltr'>quod</span> <span class='ocrx_word' id='word_1_346' title='bbox 991 3659 1108 3717; x_wconf 83' lang='lat' dir='ltr'>caprae</span> <span class='ocrx_word' id='word_1_347' title='bbox 1123 3640 1223 3700; x_wconf 89' lang='lat' dir='ltr'>ceteris</span> <span class='ocrx_word' id='word_1_348' title='bbox 1233 3638 1329 3698; x_wconf 90' lang='lat' dir='ltr'>Ouidii</span> 
     </span>
     <span class='ocr_line' id='line_1_36' title="bbox 182 3732 1329 3812; baseline 0.002 -23"><span class='ocrx_word' id='word_1_349' title='bbox 182 3733 293 3808; x_wconf 91' lang='lat' dir='ltr'>scriptis</span> <span class='ocrx_word' id='word_1_350' title='bbox 318 3733 453 3807; x_wconf 87' lang='lat' dir='ltr'>sorderet,</span> <span class='ocrx_word' id='word_1_351' title='bbox 476 3754 620 3812; x_wconf 89' lang='lat' dir='ltr'>perpauca</span> <span class='ocrx_word' id='word_1_352' title='bbox 643 3736 761 3794; x_wconf 87' lang='lat' dir='ltr'>feliciter</span> <span class='ocrx_word' id='word_1_353' title='bbox 784 3736 914 3808; x_wconf 84' lang='lat' dir='ltr'>correxit,</span> <span class='ocrx_word' id='word_1_354' title='bbox 936 3736 990 3793; x_wconf 91' lang='lat' dir='ltr'>nisi</span> <span class='ocrx_word' id='word_1_355' title='bbox 1012 3735 1093 3811; x_wconf 94' lang='lat' dir='ltr'>quod</span> <span class='ocrx_word' id='word_1_356' title='bbox 1115 3752 1170 3808; x_wconf 89' lang='grc'>391</span> <span class='ocrx_word' id='word_1_357' title='bbox 1195 3732 1258 3792; x_wconf 90' lang='lat' dir='ltr'>Sex</span> <span class='ocrx_word' id='word_1_358' title='bbox 1279 3733 1329 3805; x_wconf 85' lang='lat' dir='ltr'>bis,</span> 
     </span>
     <span class='ocr_line' id='line_1_37' title="bbox 183 3823 1328 3902; baseline 0.003 -21"><span class='ocrx_word' id='word_1_359' title='bbox 183 3826 240 3882; x_wconf 88' lang='lat'>602</span> <span class='ocrx_word' id='word_1_360' title='bbox 266 3823 395 3900; x_wconf 81' lang='lat' dir='ltr'>Orpheos,</span> <span class='ocrx_word' id='word_1_361' title='bbox 421 3842 477 3901; x_wconf 82' lang='lat'>502</span> <span class='ocrx_word' id='word_1_362' title='bbox 501 3828 671 3887; x_wconf 80' lang='lat' dir='ltr'>Phalaeceae</span> <span class='ocrx_word' id='word_1_363' title='bbox 694 3828 814 3886; x_wconf 84' lang='lat' dir='ltr'>reduxit.</span> <span class='ocrx_word' id='word_1_364' title='bbox 857 3826 961 3887; x_wconf 92' lang='lat' dir='ltr'>Cetera</span> <span class='ocrx_word' id='word_1_365' title='bbox 989 3837 1038 3886; x_wconf 89' lang='lat' dir='ltr'>aut</span> <span class='ocrx_word' id='word_1_366' title='bbox 1062 3826 1148 3885; x_wconf 91' lang='lat' dir='ltr'>dubia</span> <span class='ocrx_word' id='word_1_367' title='bbox 1169 3826 1248 3884; x_wconf 90' lang='lat' dir='ltr'>uelut</span> <span class='ocrx_word' id='word_1_368' title='bbox 1273 3829 1328 3902; x_wconf 91' lang='lat'>189</span> 
     </span>
     <span class='ocr_line' id='line_1_38' title="bbox 181 3921 1330 3998; baseline 0.001 -23"><span class='ocrx_word' id='word_1_369' title='bbox 181 3937 290 3976; x_wconf 84' lang='lat' dir='ltr'>reorum</span> <span class='ocrx_word' id='word_1_370' title='bbox 305 3937 358 3995; x_wconf 91' lang='lat' dir='ltr'>pro</span> <span class='ocrx_word' id='word_1_371' title='bbox 374 3923 511 3992; x_wconf 81' lang='lat' dir='ltr'>uirorum,</span> <span class='ocrx_word' id='word_1_372' title='bbox 527 3941 585 3997; x_wconf 96' lang='grc'>434</span> <span class='ocrx_word' id='word_1_373' title='bbox 606 3922 786 3998; x_wconf 69' lang='lat' dir='ltr'>Dreriiesque,</span> <span class='ocrx_word' id='word_1_374' title='bbox 804 3924 861 3995; x_wconf 91' lang='lat'>508</span> <span class='ocrx_word' id='word_1_375' title='bbox 872 3921 982 3997; x_wconf 82' lang='lat' dir='ltr'>Phryx</span> <span class='ocrx_word' id='word_1_376' title='bbox 995 3928 1025 3978; x_wconf 83' lang='lat' dir='ltr'>lu</span> <span class='ocrx_word' id='word_1_377' title='bbox 1039 3926 1159 3990; x_wconf 84' lang='lat' dir='ltr'>uenator,</span> <span class='ocrx_word' id='word_1_378' title='bbox 1175 3928 1224 3977; x_wconf 90' lang='lat' dir='ltr'>aut</span> <span class='ocrx_word' id='word_1_379' title='bbox 1238 3922 1330 3978; x_wconf 91' lang='lat' dir='ltr'>mani-</span> 
     </span>
     <span class='ocr_line' id='line_1_39' title="bbox 182 4010 1330 4092; baseline 0 -23"><span class='ocrx_word' id='word_1_380' title='bbox 182 4010 252 4070; x_wconf 88' lang='lat' dir='ltr'>feste</span> <span class='ocrx_word' id='word_1_381' title='bbox 267 4011 346 4085; x_wconf 87' lang='lat' dir='ltr'>falsa,</span> <span class='ocrx_word' id='word_1_382' title='bbox 365 4028 420 4087; x_wconf 89' lang='grc'>225</span> <span class='ocrx_word' id='word_1_383' title='bbox 429 4014 606 4089; x_wconf 69' lang='lat' dir='ltr'>palustribus</span> <span class='ocrx_word' id='word_1_384' title='bbox 620 4017 705 4086; x_wconf 75' lang='lat' dir='ltr'>uluri,</span> <span class='ocrx_word' id='word_1_385' title='bbox 722 4017 780 4089; x_wconf 89' lang='grc'>366</span> <span class='ocrx_word' id='word_1_386' title='bbox 795 4015 915 4072; x_wconf 82' lang='lat' dir='ltr'>Pisaeae</span> <span class='ocrx_word' id='word_1_387' title='bbox 924 4016 1016 4092; x_wconf 71' lang='lat' dir='ltr'>sorti,</span> <span class='ocrx_word' id='word_1_388' title='bbox 1033 4015 1090 4085; x_wconf 83' lang='lat'>418</span> <span class='ocrx_word' id='word_1_389' title='bbox 1108 4031 1175 4087; x_wconf 85' lang='lat' dir='ltr'>quae</span> <span class='ocrx_word' id='word_1_390' title='bbox 1189 4012 1243 4070; x_wconf 83' lang='lat' dir='ltr'>hbi</span> <span class='ocrx_word' id='word_1_391' title='bbox 1252 4015 1330 4088; x_wconf 81' lang='lat' dir='ltr'>peebr</span> 
     </span>
     <span class='ocr_line' id='line_1_40' title="bbox 181 4104 610 4184; baseline 0.007 -21"><span class='ocrx_word' id='word_1_392' title='bbox 181 4107 242 4175; x_wconf 83' lang='lat' dir='ltr'>rer&#39;t,</span> <span class='ocrx_word' id='word_1_393' title='bbox 260 4120 318 4180; x_wconf 88' lang='grc'>599</span> <span class='ocrx_word' id='word_1_394' title='bbox 332 4104 434 4164; x_wconf 83' lang='lat' dir='ltr'>Meliti</span> <span class='ocrx_word' id='word_1_395' title='bbox 444 4125 498 4182; x_wconf 93' lang='lat' dir='ltr'>pro</span> <span class='ocrx_word' id='word_1_396' title='bbox 513 4108 610 4184; x_wconf 68' lang='lat' dir='ltr'>Amrh&#39;.</span> 
     </span>
     <span class='ocr_line' id='line_1_41' title="bbox 195 4196 1329 4274; baseline 0.004 -19"><span class='ocrx_word' id='word_1_397' title='bbox 195 4267 198 4271; x_wconf 22' lang='lat'><em>¹</em></span> <span class='ocrx_word' id='word_1_398' title='bbox 224 4196 372 4274; x_wconf 86' lang='lat' dir='ltr'>Saluagnii</span> <span class='ocrx_word' id='word_1_399' title='bbox 397 4202 639 4260; x_wconf 90' lang='lat' dir='ltr'>commentarium</span> <span class='ocrx_word' id='word_1_400' title='bbox 667 4212 761 4262; x_wconf 92' lang='lat' dir='ltr'>totum</span> <span class='ocrx_word' id='word_1_401' title='bbox 790 4202 819 4258; x_wconf 91' lang='lat' dir='ltr'>in</span> <span class='ocrx_word' id='word_1_402' title='bbox 844 4219 925 4260; x_wconf 90' lang='lat' dir='ltr'>suam</span> <span class='ocrx_word' id='word_1_403' title='bbox 951 4200 1108 4260; x_wconf 91' lang='lat' dir='ltr'>editionem</span> <span class='ocrx_word' id='word_1_404' title='bbox 1132 4198 1272 4259; x_wconf 90' lang='lat' dir='ltr'>transtulit</span> <span class='ocrx_word' id='word_1_405' title='bbox 1297 4199 1329 4259; x_wconf 91' lang='lat' dir='ltr'>P.</span> 
     </span>
    </p>
   </div>
   <div class='ocr_carea' id='block_1_5' title="bbox 265 4367 1239 4494">
    <p class='ocr_par' dir='ltr' id='par_1_7' title="bbox 265 4367 1239 4494">
     <span class='ocr_line' id='line_1_42' title="bbox 265 4367 1239 4430; baseline -0.001 -16"><span class='ocrx_word' id='word_1_406' title='bbox 265 4368 279 4401; x_wconf 87' lang='lat'>*</span> <span class='ocrx_word' id='word_1_407' title='bbox 298 4367 370 4414; x_wconf 82' lang='lat' dir='ltr'>Extat</span> <span class='ocrx_word' id='word_1_408' title='bbox 382 4367 405 4412; x_wconf 91' lang='lat' dir='ltr'>in</span> <span class='ocrx_word' id='word_1_409' title='bbox 416 4367 531 4430; x_wconf 83' lang='lat' dir='ltr'>Saluagnii</span> <span class='ocrx_word' id='word_1_410' title='bbox 544 4368 652 4416; x_wconf 84' lang='lat' dir='ltr'>Misceliis</span> <span class='ocrx_word' id='word_1_411' title='bbox 664 4370 726 4417; x_wconf 84' lang='lat' dir='ltr'>Fasc.</span> <span class='ocrx_word' id='word_1_412' title='bbox 739 4369 762 4416; x_wconf 90' lang='lat' dir='ltr'>ii.</span> <span class='ocrx_word' id='word_1_413' title='bbox 775 4384 796 4428; x_wconf 90' lang='lat' dir='ltr'>p.</span> <span class='ocrx_word' id='word_1_414' title='bbox 812 4377 857 4429; x_wconf 80' lang='lat'>207</span> <span class='ocrx_word' id='word_1_415' title='bbox 869 4377 893 4414; x_wconf 88' lang='lat' dir='ltr'>et</span> <span class='ocrx_word' id='word_1_416' title='bbox 904 4383 940 4428; x_wconf 90' lang='lat' dir='ltr'>ap.</span> <span class='ocrx_word' id='word_1_417' title='bbox 953 4369 988 4414; x_wconf 88' lang='lat' dir='ltr'>De</span> <span class='ocrx_word' id='word_1_418' title='bbox 1000 4367 1136 4415; x_wconf 85' lang='lat' dir='ltr'>Terrebasse</span> <span class='ocrx_word' id='word_1_419' title='bbox 1147 4383 1170 4428; x_wconf 92' lang='lat' dir='ltr'>p.</span> <span class='ocrx_word' id='word_1_420' title='bbox 1186 4375 1239 4428; x_wconf 80' lang='lat'>127.</span> 
     </span>
     <span class='ocr_line' id='line_1_43' title="bbox 265 4432 1226 4494; baseline 0.003 -17"><span class='ocrx_word' id='word_1_421' title='bbox 265 4432 283 4486; x_wconf 85' lang='lat'>†</span> <span class='ocrx_word' id='word_1_422' title='bbox 300 4432 336 4478; x_wconf 88' lang='lat' dir='ltr'>De</span> <span class='ocrx_word' id='word_1_423' title='bbox 348 4433 435 4478; x_wconf 86' lang='lat' dir='ltr'>Heiusii</span> <span class='ocrx_word' id='word_1_424' title='bbox 447 4434 584 4481; x_wconf 87' lang='lat' dir='ltr'>editionibus</span> <span class='ocrx_word' id='word_1_425' title='bbox 596 4435 699 4481; x_wconf 87' lang='lat' dir='ltr'>disseruit</span> <span class='ocrx_word' id='word_1_426' title='bbox 712 4433 838 4481; x_wconf 85' lang='lat' dir='ltr'>Merkelius</span> <span class='ocrx_word' id='word_1_427' title='bbox 850 4436 872 4479; x_wconf 89' lang='lat' dir='ltr'>iu</span> <span class='ocrx_word' id='word_1_428' title='bbox 883 4434 980 4494; x_wconf 83' lang='lat' dir='ltr'>praefat.</span> <span class='ocrx_word' id='word_1_429' title='bbox 993 4432 1102 4480; x_wconf 89' lang='lat' dir='ltr'>Tristium</span> <span class='ocrx_word' id='word_1_430' title='bbox 1115 4447 1151 4494; x_wconf 94' lang='lat' dir='ltr'>pp.</span> <span class='ocrx_word' id='word_1_431' title='bbox 1165 4434 1226 4480; x_wconf 84' lang='lat' dir='ltr'>vi-x.</span> 
     </span>
    </p>
   </div>
   <div class='ocr_carea' id='block_1_6' title="bbox 0 0 1524 5010">
    <p class='ocr_par' dir='ltr' id='par_1_8' title="bbox 0 0 1524 5010">
     <span class='ocr_line' id='line_1_44' title="bbox 0 0 1524 5010; baseline 0 0"><span class='ocrx_word' id='word_1_432' title='bbox 0 0 1524 5010; x_wconf 95' lang='lat' dir='ltr'> </span> 
     </span>
    </p>
   </div>
  </div>
 </body>
</html>
