3038 5010
583 378 930 441 COMMENTARIVS.
1275 386 1332 444 169

182 551 286 592 nomes
296 536 443 604 Euryalus.
475 535 545 589 Aen.
560 533 595 589 ix.
607 548 656 605 179
664 536 707 590 Et
718 537 801 590 iuxta
813 552 923 590 comes
935 536 1092 607 Euryalus.
1164 539 1233 593 663.
1248 543 1333 593 Olin-

182 604 631 674 iedaeAlcibiadis,Cliniaetilii.
679 609 891 662 circumdatus
902 610 1030 673 ignibus
1043 611 1128 662 atria
1157 610 1239 663 Corn.
1256 613 1331 680 Nep.

183 677 275 732 Alcib.
284 696 302 730 x
311 677 411 746 ltaque
423 678 502 731 misit
514 676 735 745 (Pharnabazus)
748 678 948 732 Susamithren
960 684 987 732 et
997 680 1145 749 Bagaeum
1158 681 1199 733 ael
1207 681 1236 733 A
1238 681 1332 735 iabou·

182 748 244 802 dem
254 748 484 817 interficiendum,
493 764 557 801 cum
569 748 618 801 ille
624 753 693 800 esset
700 749 732 800 in
744 748 873 819 Phrygia
880 751 987 819 iterque
999 750 1040 803 ad
1048 766 1139 820 regem
1149 755 1332 821 compararet.

183 820 265 872 missi
280 818 352 872 clam
372 818 517 872 uicinitati
535 819 567 872 in
584 834 641 886 qua
657 824 719 871 tum
732 818 892 873 Alcibiades
906 825 969 872 erat
988 820 1059 873 dant
1070 822 1213 889 negotium
1227 828 1259 875 ut
1270 839 1334 875 enm

182 890 361 959 interficiant.
398 889 448 942 illi
461 905 495 942 cn
533 888 617 956 serro
633 888 753 959 aggredi
767 906 823 942 non
840 856 982 958 anderenb,
995 901 1096 944 noctu
1114 891 1206 959 ligna
1224 903 1333 946 contu·

183 959 291 1012 lerunt
310 958 397 1013 circa
415 974 525 1012 casam
544 974 614 1012 earn
634 958 665 1012 in
685 974 748 1027 qua
766 959 971 1028 quiescebat,
983 961 1287 1031 eaquesuccendemnt,
1301 967 1335 1016 ut

181 1030 310 1085 incendio
321 1031 490 1099 conficerent,
502 1046 583 1098 quem
596 1045 683 1082 manu
695 1033 830 1098 superari
840 1035 920 1100 posse
930 1031 1095 1101 diffidebant.
1133 1033 1183 1086 ille
1194 1039 1288 1086 autem
1301 1038 1335 1087 ut

183 1101 278 1153 sonitu
286 1100 425 1170 flammae
436 1105 477 1152 est
487 1100 633 1167 excitatns,
645 1100 699 1153 etsi
708 1100 827 1170 gladius
838 1103 866 1154 ei
875 1107 937 1155 erat
947 1101 1106 1169 subductus,
1110 1103 1276 1169 familiaris
1286 1105 1336 1157 sni

182 1171 335 1239 subalare(
336 1169 493 1237 isubulare)
500 1170 586 1223 telum
595 1171 710 1240 eripuit.
729 1173 1333 1241 namqueeratcumeoquidamerArcadta

182 1234 287 1310 hospes,
296 1242 350 1310 qui
359 1257 514 1310 numquam
526 1241 662 1294 discedere
673 1242 811 1296 uoluerat.
836 1241 911 1296 hunc
921 1243 1002 1311 sequi
1010 1259 1039 1295 se
1050 1242 1125 1295 iubet
1135 1249 1163 1296 et
1173 1244 1208 1296 id
1215 1245 1293 1313 quod
1301 1245 1333 1297 in

177 1313 343 1381 praesentia
354 1312 660 1381 uestimentarumsnit,
673 1314 787 1382 ampit.
817 1312 863 1366 his
874 1314 905 1365 in
917 1314 1011 1383 ignem
1023 1314 1115 1366 eiectis
1120 1313 1260 1382 flammae
1272 1317 1333 1368 uim

183 1383 307 1436 transiit.
350 1387 489 1451 qnem·ut
509 1381 625 1434 barbari
645 1383 806 1437 incendium
828 1383 955 1453 effugisse
976 1383 1118 1450 uiderunt,
1140 1384 1203 1437 telis
1223 1387 1333 1449 eminus

183 1453 278 1506 missis
294 1453 500 1521 interfecerunt,
513 1456 652 1522 caputque
668 1454 781 1507 eiusad
789 1453 1009 1506 Pharnabazum
1022 1454 1181 1507 retulerunt
1189 1454 1211 1508 *.
1251 1455 1332 1509 Idem

183 1521 269 1576 tradit
283 1521 426 1576 Diodorus
440 1521 493 1576 xiv.
511 1538 550 1591 11,
565 1524 730 1576 Plutarchus
743 1525 804 1578 Alc.
818 1523 916 1590 xxxix;
935 1523 982 1577 hic
995 1532 1091 1577 tamen
1103 1523 1174 1577 alios
1188 1524 1255 1579 dicit
1268 1542 1331 1579 nar·

182 1609 261 1647 rasse
275 1592 453 1647 Alcibiadem
466 1610 484 1647 a
496 1592 627 1647 fratribus
641 1593 821 1648 mulierculae
835 1611 919 1665 quani
932 1593 1071 1663 rapuisset
1084 1595 1246 1649 confossum
1259 1595 1331 1663 telis,

184 1663 251 1717 dum
270 1663 387 1717 incensa
404 1679 472 1717 casa
490 1664 587 1732 fugam
605 1674 724 1733 pararet.
762 1666 850 1718 Paulo
865 1664 946 1718 aliter
960 1664 1084 1721 Iustinus
1097 1684 1123 1720 v.
1137 1666 1153 1719 8
1168 1665 1255 1734 Quem
1268 1683 1331 1720 cum

177 1736 336 1804 proesectum
348 1734 389 1787 od
397 1733 580 1788 Artaxerxen
589 1735 743 1788 Persarum
756 1752 848 1806 regem
859 1736 1033 1804 conperisset,
1042 1737 1128 1789 citato
1140 1737 1240 1789 itinere
1252 1739 1331 1790 mise-

182 1810 260 1872 runt,
274 1806 326 1873 qui
339 1821 403 1857 eum
419 1806 634 1874 interciperent:
654 1823 673 1858 a
690 1805 791 1874 quibus
808 1810 965 1876 occupatus,
977 1822 1040 1858 cum
1059 1807 1147 1860 occidi
1162 1810 1257 1876 aperte
1274 1824 1331 1860 non

177 1878 280 1947 posset,
299 1877 387 1929 uiuus
406 1876 438 1928 in
458 1875 591 1944 cubiculo,
609 1877 641 1928 in
662 1892 717 1944 quo
735 1877 896 1944 dormiebat,
914 1882 1054 1930 crematus
1074 1883 1122 1931 est.
1164 1879 1248 1945 Ignes
1268 1883 1331 1932 atri

183 1945 314 2000 dicuntur
338 1955 483 2015 tamquam
507 1946 584 2000 sumo
608 1945 693 2014 pleni.
735 1946 809 2000 Vide
833 1945 1040 2015 Coningtonem
1062 1947 1099 2000 ad
1120 1949 1190 2001 Aen.
1213 1947 1247 2001 iv.
1269 1949 1329 2016 384

182 2019 251 2070 634
271 2020 488 2072 semicremata
499 2015 651 2084 ἡμίφλεκτοι.
690 2016 738 2071 Sic
750 2017 786 2071 de
801 2018 923 2071 Hercule
934 2016 1075 2071 Lucianus
1089 2017 1163 2072 Dial.
1179 2019 1262 2072 Mort.
1274 2018 1330 2074 xiii.

184 2101 199 2140 2
213 2086 307 2158 Hpcp'pu
318 2086 427 2154 ἀνῆλθες
438 2086 596 2157 ἡμίφλεκτος
607 2087 650 2141 ὑπ’
662 2087 759 2156 ἀμφοῖν
771 2086 958 2156 διεφθαρμένος
969 2088 999 2140 τὸ
1012 2092 1096 2156 σῶμα,
1109 2088 1150 2141 eoi
1166 2091 1212 2142 τοῦ
1224 2095 1332 2159 χιτῶνος

183 2159 224 2210 καὶ
244 2157 308 2225 μετὰ
329 2160 406 2211 τοῦτο
426 2161 472 2210 τοῦ
493 2159 581 2227 πυρός.
654 2161 781 2223 Stygiae
801 2162 872 2212 neci
893 2157 947 2213 ‘So
969 2159 1030 2212 that
1050 2159 1119 2212 thou
1140 2169 1233 2227 mayst
1252 2160 1331 2214 halfe

182 2228 292 2282 burned
310 2228 395 2282 beare
414 2229 464 2296 thy
482 2229 623 2282 members
643 2238 672 2282 to
697 2230 747 2296 thy
763 2229 866 2297 grave!
895 2230 928 2283 T.
939 2228 1128 2282 Vnderdown.
1175 2230 1330 2284 Merkelius

183 2308 329 2367 comparat
349 2300 390 2353 M.
403 2297 441 2353 iii.
454 2299 507 2368 694
518 2301 697 2368 cruciataque
711 2300 785 2353 diris
798 2301 923 2369 Corpora
939 2301 1087 2354 tormentis
1101 2301 1217 2370 Stygiae
1232 2301 1330 2354 demot-

181 2372 234 2422 tite
255 2370 347 2423 morti.
423 2371 491 2424 635.
511 2373 616 2425 Remo.
650 2370 709 2424 Liu.
724 2369 740 2424 i.
755 2383 770 2436 7
789 2371 940 2441 Vulgatiar
941 2371 1028 2441 fania
1039 2376 1080 2424 est
1092 2371 1215 2424 ludibrio
1219 2372 1331 2441 fratris

182 2441 301 2493 Remum
309 2455 396 2492 nouos
405 2441 583 2494 transiluisse
595 2457 698 2506 muros,
706 2441 771 2494 inde
783 2441 817 2494 ab
824 2443 899 2494 irato
908 2442 1036 2508 Romula,
1046 2458 1109 2494 cum
1119 2440 1211 2495 uerbis
1223 2459 1331 2512 quoqne

181 2512 355 2580 increpitans
370 2510 523 2578 adiecisset,
533 2511 598 2565 ‘Sic
608 2512 706 2565 deinde
717 2513 876 2581 quicunqne
887 2513 963 2565 aleus
979 2512 1122 2565 transiliet
1134 2513 1243 2565 moenia
1255 2514 1331 2566 mea'

147 2580 149 2584 ’
182 2582 367 2651 intersectum.
406 2581 471 2650 Alii,
490 2581 527 2635 ab
546 2581 580 2635 iis
599 2581 646 2652 qui
666 2599 730 2636 cum
749 2583 872 2636 Romulo
890 2593 977 2650 erant,
998 2581 1117 2636 Ouidius
1137 2584 1169 2637 F.
1183 2582 1218 2638 iv.
1233 2584 1292 2651 843,
1313 2601 1331 2638 a

185 2653 291 2720 Celere,
314 2668 398 2722 quem
421 2651 483 2707 urbi
509 2652 674 2706 condendae
696 2654 877 2722 praefecerat,
900 2653 1077 2707 intersectum
1100 2654 1222 2707 Remum
1244 2653 1330 2707 tradi-

183 2722 291 2777 derunt.
390 2725 458 2777 636.
476 2726 606 2786 metica,
619 2725 651 2777 F.
664 2723 700 2778 iv.
714 2724 766 2792 809
778 2740 857 2776 omne
876 2725 1048 2777 Pastorum
1062 2725 1177 2794 gemino
1194 2725 1245 2776 sub
1262 2725 1331 2778 duce

183 2793 290 2863 uulgus
300 2798 370 2847 erat.
408 2793 578 2847 Contrahere
595 2803 749 2863 agrestes
767 2800 795 2847 et
806 2795 915 2847 moenia
929 2798 1031 2862 ponere
1047 2795 1161 2863 utrique
1173 2795 1331 2850 Conuenit:

159 2909 162 2915 .
183 2863 346 2934 ambigitur,
359 2865 468 2917 moenia
478 2868 571 2934 ponat
583 2870 653 2918 nter.
685 2864 729 2918 lbi
743 2864 862 2918 Ouidius
875 2864 942 2918 dicit
954 2865 1081 2918 Celerem
1094 2869 1184 2932 metro,
1198 2864 1274 2933 quod
1287 2875 1330 2920 est

184 2932 400 2988 instrumentum
412 2933 574 3004 agrestium,
584 2936 706 2989 Remum
720 2933 894 3033 oppressisse
907 2933 989 3002 (843).
1061 2936 1132 2987 638.
1150 2937 1202 2988 hie
1214 2975 1221 2989 .
1235 2937 1329 2989 ,locis

183 3004 237 3057 hac
255 3004 370 3073 regione
390 3004 480 3059 Ponti.
587 3007 736 3060 669-644.
771 3006 865 3058 These
881 3005 976 3073 things
995 3003 1023 3057 in
1043 3003 1143 3057 sodain
1163 3004 1247 3058 mode
1264 3006 1329 3059 thus

183 3075 259 3142 pend
277 3085 307 3128 to
324 3075 389 3129 thee
408 3074 534 3129 directed
551 3074 690 3142 be,..That
709 3077 777 3130 thou
798 3075 889 3129 neede
910 3085 959 3128 not
978 3075 1145 3144 complayne
1164 3075 1225 3129 that
1246 3077 1258 3127 l
1278 3093 1329 3128 un·

184 3144 329 3199 mindefull
347 3162 394 3199 am
413 3146 446 3198 of
460 3147 533 3200 thee.
570 3147 652 3216 They
664 3162 712 3200 are
729 3147 779 3200 but
795 3145 856 3213 feW,
877 3147 889 3199 I
910 3154 1019 3214 graunt,
1037 3145 1087 3198 but
1101 3145 1167 3198 God
1185 3162 1238 3199 can
1257 3163 1330 3214 geue

184 3232 232 3283 my
249 3232 364 3284 prayers
382 3232 469 3284 more,
486 3216 552 3270 And
569 3216 635 3271 with
653 3217 698 3270 his
717 3217 797 3270 fauor
815 3233 863 3284 my
880 3225 1025 3286 requestes
1044 3232 1097 3269 can
1116 3215 1243 3285 multiply
1262 3216 1329 3270 with

184 3295 266 3341 store.
302 3287 452 3342 Hereafter
469 3287 539 3342 thou
555 3287 640 3342 much
653 3304 731 3342 more
744 3287 818 3341 shalt
835 3287 920 3342 reade
939 3285 1044 3341 wherin
1057 3285 1155 3340 shalbe
1169 3287 1219 3356 thy
1228 3302 1330 3341 name:

216 3432 331 3480 *Similis
350 3433 394 3480 suit
413 3449 474 3481 mors
492 3432 636 3495 imperatoris
657 3434 759 3481 Romani
778 3435 880 3482 Valentis
897 3441 950 3495 post
968 3439 1068 3496 pugnam
1089 3432 1118 3478 ad
1141 3432 1329 3493 Hadrianopolim

183 3510 235 3547 uo.
247 3497 303 3561 378.
327 3499 427 3555 Gibbou‚
440 3501 534 3547 Decline
545 3502 589 3547 and
601 3501 656 3558 Fall,
667 3517 687 3548 c.
697 3501 761 3556 xxvi,
774 3502 823 3562 ‘By
834 3500 873 3548 the
885 3515 937 3547 care
949 3501 976 3546 of
989 3500 1024 3546 his
1037 3498 1175 3556 attendants,
1188 3499 1272 3546 Valens
1284 3514 1330 3546 was

184 3564 292 3610 removed
309 3564 370 3611 irorn
388 3565 426 3613 the
444 3564 497 3612 field
514 3566 542 3611 of
555 3567 627 3613 battle
643 3575 669 3613 to
684 3582 697 3613 a
712 3566 879 3630 neighbouring
895 3573 995 3629 cottage.
1008 3565 1083 3611 where
1095 3563 1151 3624 they
1163 3565 1291 3624 attempted
1303 3573 1329 3612 to

184 3630 244 3675 dress
264 3629 298 3675 his
319 3631 411 3687 wound,
431 3632 475 3676 and
493 3639 518 3676 to
535 3633 630 3691 provide
646 3631 682 3678 ior
698 3631 734 3678 his
751 3633 827 3679 future
844 3631 925 3692 eaiety.
960 3633 1004 3677 But
1022 3630 1066 3676 this
1081 3630 1175 3676 humble
1187 3637 1270 3676 retreat
1283 3645 1330 3677 was

185 3693 296 3755 instantly
307 3696 445 3742 surrounded
462 3698 493 3757 by
505 3695 545 3743 the
559 3711 655 3758 enemy:
673 3697 729 3758 they
741 3698 799 3744 tried
815 3704 841 3743 to
852 3698 914 3744 force
930 3696 970 3742 the
981 3698 1053 3752 door3
1070 3694 1126 3756 they
1137 3710 1197 3742 were
1209 3696 1330 3755 provoked

184 3760 215 3820 by
226 3775 239 3806 a
250 3759 368 3823 discharge
380 3762 407 3807 ot
415 3776 501 3808 arrows
513 3761 572 3808 from
584 3761 624 3808 the
636 3763 694 3820 νοοῖ,
708 3763 741 3809 till
753 3771 777 3808 at
791 3762 878 3824 length,
887 3763 1008 3822 impatient
1020 3760 1046 3807 of
1056 3761 1129 3820 delay,
1139 3760 1195 3822 they
1204 3769 1238 3808 eet
1250 3761 1291 3808 tire
1303 3771 1329 3808 to

184 3840 197 3871 a
214 3825 259 3885 pile
276 3826 304 3871 of
317 3825 359 3887 dry
376 3826 474 3890 saggots,
492 3827 537 3872 and
554 3829 679 3874 consumed
699 3827 738 3874 the
756 3837 849 3890 cottage
868 3828 926 3874 with
942 3827 982 3873 the
1000 3828 1092 3873 Roman
1109 3827 1219 3887 Emperor
1236 3828 1281 3874 and
1294 3828 1329 3874 his

183 3888 259 3939 train'
292 3891 378 3954 Estque
397 3894 491 3955 dignum
512 3902 594 3939 notatu
614 3893 703 3953 quoties
724 3894 747 3938 in
765 3894 857 3952 proeliis
878 3904 900 3940 et
920 3894 987 3939 rebus
1007 3892 1075 3955 gestis
1092 3891 1224 3939 Gothorum
1244 3903 1330 3940 mortes

184 3956 253 4002 Ibidis
264 3971 291 4003 ac
302 3957 410 4016 supplicia
422 3966 567 4004 renouentur.
601 3958 637 4005 Sic
649 3957 742 4020 Tydeus
754 3959 879 4019 Menalippi
891 3967 960 4017 caput
971 3959 1092 4005 exsorbens
1103 3957 1201 4005 similem
1213 3960 1246 4004 sui
1258 3959 1329 4006 habet

183 4021 319 4068 Saracenum
331 4023 394 4069 illurn
406 4037 442 4082 ap.
454 4024 532 4069 Arum.
544 4023 618 4072 Marc.
630 4025 692 4072 xxxi.
705 4020 734 4070 16
744 4024 846 4070 Crinitus
856 4025 953 4087 quidam
963 4023 1039 4070 nudus
1050 4021 1128 4069 omnia
1137 4032 1229 4084 praeter
1237 4025 1328 4084 pubem,

182 4087 324 4134 subraucum
335 4102 363 4133 oc
373 4087 472 4151 lugubre
487 4097 594 4149 strepens,
611 4089 690 4136 educto
705 4090 808 4151 pugione
825 4090 918 4154 agmini
934 4104 956 4136 se
973 4089 1047 4137 medio
1060 4088 1191 4135 Gothorum
1202 4089 1299 4137 inseruit
1308 4098 1331 4136 et

183 4152 295 4210 interjecti
305 4152 375 4199 hostis
386 4152 468 4216 iugulo
478 4153 546 4200 lubra
557 4154 670 4211 admouit,
686 4154 824 4217 effusunrque
838 4170 943 4202 cruorem
958 4154 1066 4201 eusunsit.
1100 4154 1136 4201 Sic
1150 4154 1228 4200 Mettii
1240 4155 1328 4202 Suffetii

183 4232 283 4278 poenam
294 4218 455 4265 hermenricus
467 4234 507 4265 rex
523 4219 654 4266 Gothorum
667 4221 769 4267 imitatus
780 4229 813 4266 est
825 4235 877 4267 cum
894 4220 1020 4282 quamdam
1032 4218 1150 4266 mulierem
1161 4220 1329 4266 Suanihildom

183 4282 274 4330 nonrine
292 4285 354 4346 equis
363 4282 480 4342 ferocibus
497 4283 614 4348 illigatam
630 4285 776 4347 incitatisque.
789 4285 891 4332 cursibus
905 4294 948 4346 per
964 4285 1057 4331 diuersa
1073 4283 1153 4330 diuelli
1166 4285 1327 4344 praecepisset.

183 4348 274 4396 lordan.
286 4347 316 4395 de
330 4349 383 4396 Get.
396 4349 460 4413 Orig.
472 4350 535 4399 xxiv.
568 4350 603 4397 Sic
619 4351 770 4410 Sardanapalli
782 4351 849 4397 funus
860 4367 913 4397 cum
924 4351 1043 4397 carissimis
1055 4363 1147 4395 suorum
1159 4356 1327 4409 repraesentant

183 4414 303 4473 exsequiae
315 4414 401 4462 Attilae
417 4430 469 4464 cum
484 4413 637 4477 sepelientibus
654 4416 735 4477 sepulti
753 4416 854 4479 (lordan.
867 4416 934 4477 xlix),
952 4423 976 4462 et
994 4415 1130 4462 Hunnorum
1148 4415 1255 4476 (Procop.
1269 4413 1334 4460 Bell:

179 4478 244 4555 ¹Pers.
256 4479 272 4525 i.
286 4477 321 4540 3).
