3038 5010
223 400 279 458 118
621 392 967 454 COMMENTARIVS.

220 559 262 606 est
278 556 390 606 sacrata
413 552 541 605 Tonanti.
614 553 685 605 295.
704 554 791 605 dedit
809 554 908 604 saltus
928 547 1028 614 saliuit,
1048 557 1077 600 ut
1097 546 1209 616 saepius
1229 547 1257 600 in
1278 549 1369 601 Meta-

220 625 329 693 morph.
367 639 489 676 summa
507 623 569 675 Val.
593 623 625 674 F.
644 621 690 676 vii.
709 623 762 675 606
785 623 817 674 in
839 637 949 673 sichima
973 619 1109 688 Lapithes
1130 620 1267 688 apparuit
1291 619 1367 672 Ossa.

221 698 390 748 ¹Phenealue
408 710 511 746 nornen
530 692 604 760 regis
623 693 824 745 Thessalorum
845 691 929 744 Diod.
948 689 983 743 iv.
1005 703 1081 757 54.1.
1120 689 1161 742 Cf.
1179 689 1250 743 Vell.
1269 690 1300 743 P.
1313 689 1329 742 i.
1346 703 1369 756 3.

224 766 328 819 Chron.
352 765 455 817 Euseb.
483 763 520 817 ad
547 779 612 817 ann.
633 763 765 815 Abrahae
785 776 836 826 224
858 762 921 814 κατὰ
942 758 1047 814 τούτους
1065 759 1124 813 τοὺς
1143 762 1251 828 χρόνους
1268 765 1372 827 πρῶτος

221 836 379 895 ἐβασίλευσε
397 835 547 887 θεσσαλίας
565 836 579 884 ὁ
599 836 706 902 Γραικοῦ
724 835 784 886 παῖς
803 831 949 885 θέσσαλος.
988 830 1071 899 Quod
1089 830 1248 884 Scholiasta
1269 831 1371 882 Ionum

136 952 138 956 .
222 906 296 959 hunc
317 905 403 958 fuisse
426 904 501 972 dicit,
524 921 608 973 quem
634 903 755 956 eundem
780 919 814 956 ac
840 901 945 954 Lucani
976 903 1076 953 Ionum
1103 899 1150 968 (vi.
1172 915 1223 966 402
1252 901 1372 953 Primus

226 976 385 1029 Thessaliae
406 980 496 1028 rector
515 976 627 1027 telluris
643 975 731 1026 Jortus
752 974 788 1026 In
805 973 933 1042 formam
958 973 1065 1024 calidae
1083 973 1225 1040 percussit
1242 971 1372 1040 pondera

222 1064 336 1113 massae,
346 1046 380 1099 cf.
390 1044 587 1098 CassiodVar.
597 1044 635 1096 iii.
641 1044 686 1111 31)
698 1045 870 1097 Schraderus
879 1042 977 1096 habuit
986 1060 1030 1111 ap.
1041 1041 1217 1109 Merkehum,
1226 1041 1371 1095 crederem

222 1117 246 1170 si
260 1116 295 1169 de
308 1114 539 1184 praecipitatione
554 1115 616 1167 Ioni
629 1114 762 1168 traditum
776 1113 926 1183 quicquam
940 1124 1021 1167 esset.
1068 1115 1138 1166 296.
1156 1116 1371 1176 praecipitere.

223 1189 373 1256 Nusquam
397 1186 452 1239 hoc
477 1185 512 1239 de
537 1186 674 1238 Thessalo
699 1185 824 1238 traditur.
933 1187 1002 1238 287.
1019 1186 1198 1248 Eurylochi.
1239 1184 1371 1236 Eundem

222 1258 314 1310 habeo
333 1257 368 1309 de
388 1273 443 1327 qup
462 1255 567 1324 scripta
585 1257 656 1309 haec
675 1255 769 1309 inueni
788 1255 816 1307 in
836 1254 896 1308 cod.
919 1256 1024 1308 Canon.
1040 1266 1082 1321 72,
1101 1270 1127 1321 p.
1140 1253 1209 1321 251³*
1225 1254 1373 1307 cenobates

220 1344 274 1381 rer
285 1327 443 1379 Thessaliae
454 1328 588 1396 tencplnm
600 1327 624 1380 C
622 1329 708 1379 erem's
716 1326 869 1380 combnssit.
901 1325 924 1378 C
922 1341 980 1377 eres
989 1341 1055 1377 icero
1064 1326 1124 1376 siue
1132 1325 1247 1393 Jupiter
1253 1325 1374 1376 immisit

220 1401 374 1466 serpentem
387 1399 439 1465 qni
450 1415 513 1450 erem
529 1398 687 1450 dercoranit.
711 1398 760 1449 ille
771 1401 883 1466 serpens
894 1398 925 1448 in
937 1397 1043 1449 caelnm
1057 1397 1215 1449 translatus
1225 1401 1266 1447 est
1279 1396 1376 1462 utqui

222 1469 306 1522 c'llnm
331 1469 460 1520 reniterent
483 1468 517 1519 ab
541 1469 651 1520 i'rzinm'a
678 1468 792 1520 deorum
818 1468 993 1519 abstinerent.
1045 1467 1126 1518 Haec
1152 1466 1252 1518 eadem
1276 1465 1373 1517 fabula

223 1538 338 1606 Hygino
349 1547 461 1591 narrata
471 1547 513 1591 est
527 1537 562 1591 de
574 1537 678 1606 Triopa
690 1555 756 1605 rege
767 1537 931 1590 Thessaliae
943 1538 971 1590 P.
983 1538 1017 1591 A.
1028 1536 1055 1588 ii.
1070 1551 1101 1601 14
1113 1537 1275 1588 Nouissime
1282 1539 1373 1604 prope

221 1609 263 1662 acl
278 1610 430 1661 terminum
452 1610 529 1660 uitae
545 1608 664 1661 dracone
682 1608 781 1661 obiecto
802 1609 879 1660 mala
895 1607 1027 1676 plurima
1044 1610 1199 1676 perpessus,
1219 1606 1374 1674 aliqnando

223 1684 339 1732 mortem
357 1680 481 1748 adeptus,
493 1681 571 1731 inter
581 1684 661 1731 astra
675 1680 783 1732 Cereris
799 1679 946 1731 icolnntate
961 1683 1001 1730 est
1018 1679 1193 1730 constitutus.
1232 1677 1290 1730 Sed
1307 1676 1373 1729 uide

223 1751 388 1802 Excursum.
461 1752 532 1802 288.
551 1755 640 1802 artus
655 1751 728 1817 Hyg.
742 1751 772 1802 P.
782 1751 815 1802 A.
828 1763 859 1814 14
871 1750 972 1818 Itaque
984 1748 1076 1801 adhuc
1088 1748 1204 1801 nodetur
1213 1764 1276 1800 cum
1288 1748 1373 1800 draco

223 1820 428 1888 circumplexus
436 1825 550 1872 aeterna
562 1826 727 1872 maerentem
738 1821 843 1889 afficere
849 1823 950 1889 poena.
1004 1822 1073 1872 299.
1093 1824 1230 1871 maturet
1242 1828 1373 1886 properet

224 1889 322 1958 ‘bring
335 1907 371 1942 on
384 1889 479 1942 before
493 1889 528 1942 its
542 1889 626 1943 time’
664 1892 734 1942 Hor.
747 1892 775 1943 C.
788 1889 824 1943 iii.
836 1903 860 1956 7.
873 1891 956 1955 14-16
969 1891 1055 1942 nimis
1069 1890 1151 1942 Casta
1163 1888 1377 1957 Bellerophonti

224 1961 395 2014 Maturare
415 1976 537 2014 necem.
577 1962 648 2013 Cels
660 1960 705 2014 vii.
717 1974 741 2026 7.
753 1973 768 2026 7
783 1977 827 2013 eos
839 1963 892 2029 qni
901 1963 1060 2014 carcinoma
1072 1959 1174 2012 habent
1184 1976 1286 2012 curare
1295 1961 1373 2028 peri-

224 2031 349 2083 cnlosnm
362 2036 421 2083 est:
439 2047 506 2082 nam
520 2041 656 2084 mortem
669 2049 776 2099 qnoque
787 2050 820 2084 ea
832 2049 876 2083 res
887 2041 1016 2085 maturat.
1116 2033 1187 2083 290.
1205 2033 1266 2083 Per
1278 2036 1376 2093 eaput

223 2103 355 2154 infusae.
393 2102 486 2154 Schol.
497 2103 567 2154 Ven.
583 2102 616 2154 Il.
630 2101 657 2154 ii.
671 2114 718 2169 145
739 2104 752 2153 ὁ
768 2102 896 2156 Δαίδαλος
912 2103 1017 2156 διοπτὰς
1030 2102 1064 2155 εἷς
1077 2102 1190 2168 Κάμικον
1202 2103 1247 2166 τῆς
1259 2101 1375 2155 Σικελίας

223 2172 307 2239 ἔμεινε
323 2171 392 2239 παρὰ
409 2174 464 2225 ταῖς
477 2173 600 2223 Κωκάλου
613 2170 780 2241 θυγατράσιν,
793 2169 839 2240 ὑφ’
852 2168 887 2224 ὧν
900 2175 913 2224 ὁ
927 2172 1020 2239 Μίνως,
1034 2172 1099 2239 ἥκων
1111 2169 1151 2224 ἐπ’
1163 2170 1315 2237 ἂναζὴτησιν
1327 2175 1374 2224 τοῦ

224 2241 364 2305 Δαιδάλου,
378 2240 533 2308 ἀποθνήσκει
549 2241 774 2309 καταχυθέντος
786 2243 878 2295 αὐτοῦ
895 2244 1006 2308 ζεστοῦ
1020 2241 1141 2296 ὕδατος.
1179 2241 1226 2294 Sic
1238 2257 1298 2294 rem
1311 2259 1374 2294 nar·

224 2321 319 2365 rarant
331 2311 567 2379 Philostephanus
577 2321 605 2365 et
617 2312 805 2366 Callimachus
819 2313 847 2366 in
857 2312 955 2380 Aetiis,
966 2313 1069 2367 diuersi
1082 2313 1120 2365 illi
1134 2329 1151 2365 a
1165 2311 1293 2364 Diodoro
1303 2326 1328 2376 4.
1340 2325 1375 2380 79

225 2383 273 2451 qui
294 2382 421 2434 Minoem
443 2381 510 2434 dicit
532 2382 648 2451 periisse
668 2400 732 2437 cum
754 2384 837 2437 nimis
858 2384 906 2437 diu
928 2384 956 2436 in
979 2383 1096 2437 thermis
1115 2384 1245 2436 detentus
1267 2381 1373 2436 fuisset.

225 2455 292 2504 291.
311 2468 424 2516 parum
436 2455 523 2506 mitis
534 2453 609 2506 ‘that
623 2453 707 2507 failed
721 2454 749 2506 in
762 2454 806 2507 his
819 2455 1035 2523 philanthropy.'
1052 2454 1173 2507 Volebat
1188 2454 1374 2506 Prometheus

224 2523 379 2576 beneuolus
398 2539 461 2575 esse
482 2523 675 2592 (φιλάνθρωπος
695 2524 1038 2594 Prom.11).hominibus,
1057 2524 1114 2593 igni
1134 2524 1257 2590 inuenta
1276 2541 1375 2577 reuera

225 2604 320 2647 autem
338 2593 459 2646 nocebat
474 2592 592 2662 (parum
611 2596 689 2647 mitis
706 2594 817 2663 euasit).
866 2597 943 2649 Nam
964 2595 1089 2664 luppiter
1107 2595 1194 2648 iratus
1214 2594 1375 2647 Pandoram

227 2663 340 2731 creauit,
354 2663 428 2717 unde
442 2663 537 2716 omnia
550 2666 625 2719 mala
638 2665 806 2719 hominibus
835 2668 907 2718 Rem
918 2676 1012 2719 narrat
1029 2662 1228 2718 Hesiodus’‘E.
1243 2685 1265 2715 κ.
1277 2664 1324 2718 Ἣ.
1339 2679 1375 2732 49

227 2751 288 2803 sqq.
313 2733 416 2802 Χαίρεις
436 2738 488 2803 πῦρ
510 2733 612 2804 κλέψας
638 2736 760 2802 calipius
781 2736 881 2806 ,φρένας
902 2734 1087 2805 ἠπεροπεύσας,
1109 2736 1155 2787 Σοί
1173 2733 1194 2788 τ’
1216 2735 1284 2804 αὐτῷ
1309 2736 1376 2805 μέγα

225 2807 295 2871 πῆμα
308 2804 349 2856 καὶ
358 2803 481 2872 ἀνδράσιν
491 2804 668 2873 ἐσσομένοισι.
690 2809 749 2860 Τοῖς
761 2804 783 2858 δ’
792 2808 842 2876 ἐγὼ
855 2806 910 2859 ἀντὶ
922 2808 1002 2874 πυρὸς
1011 2807 1087 2859 δώσω
1100 2800 1205 2876 κοκὸνῷ
1216 2827 1258 2858 κεν
1267 2806 1376 2860 ἅπαντες

212 2876 371 2943 ·Τε’ρπωντοι
384 2875 446 2927 κατὰ
459 2875 538 2941 θυμὸν
551 2877 593 2928 ἔδυ
604 2878 680 2928 κακὸν
693 2877 904 2950 ἀμφαγαπῶντες.
941 2880 1058 2930 Parum
1071 2880 1158 2931 mitis
1176 2893 1239 2929 cum
1260 2875 1375 2930 Sanctio

227 2944 333 2998 dictum
352 2955 420 3014 puto
439 2962 489 3013 per
508 2945 626 3000 ironiam
645 2956 789 3016 tamquam
807 2951 915 3016 parum
935 2950 1016 3014 Μῆτις
1034 2957 1108 3001 esset
1128 2947 1175 3016 qui
1193 2947 1377 3000 Prometheus

225 3016 387 3069 uocabatur.
414 3017 483 3070 P.V.
494 3017 526 3084 85
540 3016 714 3085 Ψευδωυὺμως
723 3039 755 3070 σε
768 3018 885 3084 δαίμονες
894 3018 1033 3085 Προμηθέα
1043 3021 1183 3070 Καλοῦσιν·
1199 3019 1275 3070 αὐτὸν
1284 3020 1334 3086 γάρ
1344 3039 1377 3070 σε

223 3087 265 3161 ιδεῖ
277 3086 442 3154 Προμηθέως.
479 3088 562 3155 Prop.
576 3087 611 3140 iii.
627 3101 648 3155 5.
661 3089 710 3156 7,8
727 3088 751 3141 0
758 3090 858 3157 pm'ma
870 3089 974 3158 infelix
975 3090 1103 3159 fingenti
1113 3094 1191 3142 terra
1202 3088 1376 3155 Prometheo,

224 3156 280 3210 Ille
298 3173 411 3225 parum
434 3157 522 3210 cauti
539 3160 662 3226 pectoris
680 3161 739 3228 egit
757 3163 834 3228 opus.
871 3161 931 3212 Sed
948 3176 1013 3213 non
1030 3163 1157 3227 inpune,
1176 3176 1243 3212 narn
1263 3160 1377 3211 Prome-

225 3227 308 3280 theus
319 3227 386 3280 dum
399 3244 449 3295 per
458 3228 685 3282 beneuolentiam
698 3240 780 3282 nocet
793 3228 963 3296 hominibus,
974 3229 1034 3297 ipse
1046 3246 1168 3297 poenam
1181 3229 1243 3283 tulit
1256 3245 1376 3298 pascens

226 3297 377 3350 uulturium
396 3297 424 3349 in
445 3299 580 3352 Caucaso.
618 3299 703 3352 ‘Like
718 3300 902 3352 Prometheus
920 3301 1015 3352 whose
1034 3299 1249 3353 ill-adventured
1268 3299 1377 3369 philan-

226 3368 330 3436 thropy
352 3368 426 3420 drew
450 3368 632 3436 punishment
657 3386 693 3421 on
718 3369 847 3423 himself)
886 3371 950 3422 Hoc
974 3370 1074 3423 melius
1099 3387 1184 3439 quam
1209 3379 1239 3422 ut
1263 3385 1377 3434 parum

225 3441 314 3491 mitis
327 3438 362 3490 de
379 3439 487 3505 alhadip
507 3439 666 3493 Promethei
685 3440 815 3509 expliceS,
833 3441 867 3494 cf.
881 3442 912 3494 P.
929 3442 959 3494 V.
977 3442 1043 3493 1008
1064 3441 1155 3510 Τέγγει
1167 3441 1218 3509 γὰρ
1231 3441 1305 3493 οὐδὲν
1318 3439 1377 3492 οὐδὲ

226 3509 376 3577 μαλθάσσει
395 3507 454 3576 κεάρ
473 3511 568 3563 Λιταῖς·
588 3509 670 3561 δακὼν
689 3510 717 3562 δὲ
736 3513 844 3578 στόμιον
861 3510 895 3565 ὡς
913 3512 1033 3581 νεοζυγὴς
1050 3514 1143 3566 Πῶλος
1159 3512 1242 3576 βιάζει
1260 3512 1301 3562 καὶ
1313 3513 1378 3576 πρὸς

227 3577 297 3643 ἡνίας
308 3580 394 3646 μάχει.
418 3576 498 3644 Ἀτὰρ
511 3578 691 3648 σφοδρῦνειγ’
704 3581 807 3633 ἀσθενεῖ
820 3582 975 3649 σοφίσματι.
1003 3581 1225 3650 Αῦθαδίιιγὰρτῲ
1238 3582 1377 3649 φρονοῦντι

225 3647 260 3714 μὴ
274 3651 358 3702 καλῶς
370 3648 438 3714 Αὐτὴ
451 3646 505 3701 καθ
519 3649 596 3716 αὐτὴν
614 3650 716 3705 οὐδένος
727 3654 799 3718 μεῖον
812 3651 912 3704 σθένειτ
941 3651 994 3706 etsi
1008 3652 1116 3705 facilius
1130 3652 1169 3705 sic
1182 3669 1246 3705 non
1258 3655 1378 3717 inpune

227 3718 264 3770 ad
289 3735 410 3786 poenam
435 3719 553 3771 refertur
579 3720 671 3787 Qnam
696 3722 836 3788 qnondam
861 3724 938 3776 silici
960 3725 1106 3776 restrictus
1133 3723 1256 3775 membra
1278 3728 1378 3775 catena

226 3789 372 3841 Persolnit
378 3789 504 3857 pendens
515 3807 530 3841 e
542 3791 693 3843 uerticibus
700 3795 869 3861 praeruptis
883 3795 943 3846 Cat.
958 3793 1022 3847 lxiv.
1033 3793 1094 3861 296.
1205 3795 1275 3845 292
1288 3796 1378 3845 uolu-

227 3858 398 3938 presulatu
417 3860 448 3911 Ρ.
461 3861 494 3912 V.
513 3874 675 3928 1021-1025,
696 3863 766 3915 Hes.
785 3864 891 3931 Theog.
908 3876 967 3932 525,
986 3865 1038 3932 Ap.
1060 3866 1094 3916 R.
1107 3862 1134 3917 ii.
1152 3875 1226 3932 1253,
1245 3863 1376 3931 Apollod.

226 3945 245 4008 3¹.
254 3941 279 3992 7.
291 3943 312 3996 1,
323 3929 452 3996 aqnilam
465 3931 540 3998 Hyg.
552 3945 608 3998 144,
620 3933 764 3985 unltnrem
772 3934 833 3986 Val.
846 3936 878 3987 F.
888 3934 934 3987 vii.
944 3946 1004 4003 359,
1017 3937 1127 3987 Petron.
1138 3951 1181 4002 ap.
1195 3935 1275 4002 Fulg.
1286 3935 1376 4001 Myth.

227 4015 255 4051 11.
266 4013 290 4064 9.
328 4001 412 4052 fixus
422 4001 504 4052 Tusc.
515 4000 596 4070 Disp.
607 4001 634 4057 ii.
647 4018 686 4054 10.
697 4018 730 4069 23
744 4005 846 4073 affinus
857 4006 899 4058 act
909 4006 1072 4058 Caucasum.
1140 4007 1209 4058 293.
1227 4006 1378 4057 Echecra-

226 4071 316 4121 tidea
341 4070 509 4124 Thessalum
520 4072 604 4125 credo
612 4072 707 4140 fuisse,
716 4084 743 4127 et
754 4092 787 4127 ex
798 4075 883 4144 stirpe
892 4076 1091 4142 Aleuadarum‚
1100 4092 1167 4128 narn
1177 4084 1249 4128 teste
1255 4074 1378 4144 leiano

221 4138 265 4191 ⁸ad
286 4141 369 4193 Dem.
390 4141 504 4208 Olynth.
522 4157 532 4194 Ι
548 4141 656 4198 ’hletae
675 4144 802 4214 ἀπόγονός
820 4167 857 4199 τις
874 4150 920 4198 τοῦ
936 4145 1103 4212 Ἡρακλέους,
1123 4148 1261 4211 Θετταλός,
1275 4145 1378 4213 ἐτυράν-

227 4229 303 4262 νευσε
312 4214 363 4262 τῶν
373 4212 518 4276 Θετταλῶν,
526 4208 580 4265 εἶτα
589 4214 613 4264 οἳ
622 4214 713 4266 τούτου
725 4216 822 4270 παῖδες.
850 4216 1058 4270 Echecratiden
1070 4232 1166 4284 regem
1175 4217 1378 4269 Thessalorum

226 4290 365 4333 memorat
374 4281 555 4349 Thucydides
564 4283 580 4336 i.
593 4299 638 4336 111
650 4305 657 4350 ;
674 4285 768 4354 alium,
779 4286 905 4339 Arnoldo
920 4287 1011 4340 iudice
1024 4286 1106 4340 huius
1116 4304 1208 4354 auum,
1219 4286 1379 4340 Scholiasta

161 4469 165 4476 ⁸
260 4419 275 4451 '¹‘
292 4418 381 4478 Sumpsi
393 4417 449 4465 haec
461 4435 490 4467 ex
500 4421 671 4469 Commentario
683 4424 706 4469 iu
719 4425 920 4484 Metamorphoses
931 4426 959 4470 ad
971 4425 994 4471 ii.
1007 4437 1061 4488 139.
1087 4426 1150 4472 Idem
1160 4425 1267 4472 Scholion
1280 4433 1344 4470 extat
1356 4426 1380 4471 in

226 4482 316 4530 Canon.
329 4498 338 4531 1
352 4485 391 4531 ubi
404 4485 525 4533 Corobates
538 4496 561 4534 et
573 4488 662 4535 Canon.
675 4497 688 4549 7
700 4491 738 4536 ubi
751 4491 890 4538 Chrisobotes
902 4505 942 4537 rex
955 4491 996 4537 iste
1009 4491 1097 4540 dicitur.
1124 4491 1206 4538 Fuitne
1217 4490 1358 4549 Eurybates?
