3038 5010
672 406 719 466 IN
741 405 838 466 IBIN.
1293 413 1333 471 65

224 579 421 643 generoque
457 565 652 626 draconum.
694 565 735 623 A·
819 563 1144 625 Generdraconum.
1179 565 1331 626 Athamas.

182 643 296 706 thamas
331 665 421 724 gener
455 646 560 707 Cadmi
594 657 623 706 et
658 646 737 705 Har·
777 645 820 704 H.
862 645 1057 705 draconum.
1089 645 1196 706 Cadmi
1210 657 1239 706 et
1254 647 1333 706 Har·

182 728 306 786 monies.
351 727 388 787 G.
777 727 901 786 monies.
942 727 985 784 H.
1268 759 1270 761 >

226 810 293 882 348.
344 806 592 887 Tisamenique
633 810 735 886 patri.
820 807 1051 884 *Aristophanes
1075 817 1157 885 pater
1179 807 1332 887 †The(si)-

184 884 421 967 *Astrophaneus
443 900 525 967 pater
546 890 737 956 †Thesimani
776 889 857 948 madi
875 889 994 948 insanus
1013 889 1105 950 factus
1127 891 1221 949 finiuit
1240 891 1331 949 uitam

182 970 250 1045 quia
268 988 336 1029 cum
350 971 407 1029 filia
422 967 501 1052 [sua]
518 973 676 1031 concubuit
692 973 736 1030 in·
777 989 830 1047 per
843 971 989 1030 insaniam
1003 981 1032 1031 et
1046 971 1199 1034 furorem*
1221 969 1320 1030 Mure.

182 1051 316 1110 saniuit.*
361 1051 387 1112 C
399 1051 507 1112 etAsk.

223 1131 489 1210 Callirhoesque
509 1135 593 1193 uiro.
626 1131 735 1216 *[Pen-

181 1211 266 1272 theus
289 1209 363 1294 siue]
388 1215 545 1274 Penthides
569 1212 626 1297 [uir
648 1217 734 1275 Calli-

183 1289 290 1375 gones]
309 1295 448 1354 simulans
471 1314 502 1356 se
523 1314 644 1356 uxorem
666 1316 734 1357 curn

182 1374 314 1435 adultero
338 1376 495 1448 inuenisse,
516 1387 548 1436 ut
570 1378 656 1436 aliam
682 1378 734 1437 du-

183 1464 270 1527 ceret,
299 1475 364 1516 eam
394 1459 535 1518 interfecit
568 1456 661 1540 [unde
689 1460 732 1518 in-

183 1535 332 1616 saniult.]*
378 1537 405 1598 C
416 1538 487 1598 Ast.

225 1632 293 1692 350.
324 1618 399 1690 Qua
434 1621 547 1696 potuit
581 1620 735 1698 Tydeus.
818 1619 896 1693 Quia
927 1619 1088 1680 Diomedes
1116 1620 1264 1679 Venerem
1298 1620 1330 1678 in

183 1697 308 1774 Aegiale
322 1719 396 1759 uxor
410 1701 477 1761 Dio.
496 1701 650 1762 filir'Tidei
664 1703 735 1762 dum
777 1701 908 1761 Troiano
933 1702 1009 1760 bello
1033 1701 1204 1772 uulnerauit,
1226 1700 1329 1760 Venus
1373 1772 1377 1779 Ι

182 1781 261 1855 apud
276 1780 398 1840 Troiam
409 1780 456 1840 Ti.
471 1794 632 1842 moraretur
645 1785 736 1862 coepit
776 1801 899 1842 uxorem
924 1783 986 1842 eius
1010 1782 1154 1858 Aegialen
1182 1782 1330 1858 publicam

181 1861 422 1923 moechari
449 1863 485 1923 G.
776 1865 957 1923 meretricem
992 1864 1069 1936 fecit,
1099 1862 1178 1923 unde
1209 1861 1330 1939 Tydeus

223 1941 314 2002 Cuius
328 1961 449 2003 uxorem
461 1943 583 2026 (Venus)
594 1943 735 2023 Aegialen
776 1956 859 2022 pater
874 1945 1028 2004 Diomedis
1042 1962 1096 2021 pro
1114 1963 1189 2002 nuru
1208 1961 1262 2002 sua
1275 1962 1330 2020 pu-

182 2021 249 2082 fecit
283 2027 553 2086 meretricem...
577 2072 583 2086 .
606 2028 654 2088 hic
684 2028 734 2087 de·
777 2028 879 2085 dorem
893 2026 1002 2097 habuit,
1017 2026 1072 2096 uel,
1087 2034 1119 2084 ut
1130 2021 1205 2106 [alii]
1222 2024 1331 2097 dicunt,

154 2148 157 2153 .
182 2113 290 2163 structa
315 2107 408 2166 Troia
435 2108 612 2185 turpitudine
635 2110 734 2168 uxoris
775 2107 838 2185 ipse
866 2106 988 2182 Tydeus
1021 2124 1090 2165 cum
1121 2105 1224 2166 eadem
1254 2123 1328 2163 nuru

182 2185 288 2258 audita,
297 2187 344 2245 uel
359 2188 456 2264 potius
470 2190 507 2247 ab
522 2190 586 2266 ipsa
600 2191 734 2267 propriae
776 2189 941 2250 concubuit.
986 2187 1050 2248 Cet
1061 2186 1131 2246 Ast.

183 2268 328 2343 nequitiae
340 2271 459 2328 conscia
473 2270 605 2346 repulsus
617 2272 735 2347 apatria

181 2349 290 2423 spreuit
310 2350 417 2426 Argos,
439 2352 520 2410 uenit
543 2353 573 2410 in
596 2351 735 2428 Apuliam

181 2439 210 2487 et
222 2430 353 2489 condidit
364 2431 510 2491 ciuitatem
525 2450 614 2508 quam
625 2435 734 2509 patriae

181 2528 251 2569 suae
272 2512 393 2570 nomine
412 2512 509 2589 Argos
528 2513 663 2591 Hippion
682 2533 733 2592 ap·

181 2591 307 2667 pellauit.
349 2592 440 2652 Mure
453 2614 474 2653 s.
487 2615 514 2653 u.
530 2594 701 2655 Diomedes.

224 2687 292 2747 352.
326 2671 449 2734 Locris
493 2676 527 2734 in
575 2676 732 2736 ancillae.
817 2675 1049 2753 *Hypermestra
1068 2675 1097 2734 in
1117 2675 1258 2734 adulterio
1278 2675 1329 2734 de·

182 2750 596 2834 *ffipermestradeprehensa
611 2758 640 2815 in
653 2758 733 2816 adul·
774 2757 919 2833 prehensa
947 2774 1015 2816 cum
1048 2756 1132 2815 fratre
1164 2757 1257 2815 mariti
1286 2757 1329 2816 sui

181 2836 252 2893 terio
266 2835 431 2895 cumfratre
443 2838 535 2896 mariti
550 2839 594 2896 sui
610 2839 734 2897 tenebris
775 2838 903 2914 profugit
917 2838 1024 2896 auxilio
1038 2838 1231 2908 tenebrarum,
1246 2836 1329 2896 dein·

181 2916 278 2975 adiuta
292 2918 400 2977 euasit:
418 2918 524 2977 deinde
539 2919 734 2988 †Pantionem
776 2918 812 2977 de
832 2919 1034 2982 †Paueronem
1056 2936 1172 2977 seruum
1195 2935 1279 2976 suum
1301 2928 1330 2976 et

181 3014 298 3056 seruum
320 3015 404 3056 suum
426 3008 455 3058 et
471 2999 579 3058 Locrin
600 3000 734 3059 ancillam
774 2998 883 3058 Locrin
904 2998 1039 3057 ancillam
1059 3017 1141 3057 suam
1160 2999 1276 3057 necauit
1296 3008 1329 3057 ut

181 3079 304 3137 necauit.
336 3077 434 3138 *Vnde
450 3079 569 3140 Gallus:
591 3080 735 3139 Ancillam
777 3099 829 3139 eos
843 3081 873 3139 in
888 3079 1028 3138 adulterio
1043 3079 1151 3138 diceret
1169 3079 1331 3154 deprehen-

180 3179 343 3236 seruumque
363 3180 443 3219 suum
465 3161 661 3238 Hipermestro
689 3183 734 3220 ne-
777 3179 835 3234 sos‚
862 3179 925 3220 non
953 3179 984 3221 se
1011 3178 1080 3221 cum
1112 3160 1197 3220 fratre
1225 3161 1329 3220 mariti.

179 3305 373 3361 hermionisH.

218 3383 278 3442 348.
296 3379 427 3433 Historiae
429 3377 551 3447 ficticiae.
581 3380 681 3434 Eadem
693 3380 769 3433 habet
776 3379 851 3434 Mure
863 3397 885 3431 s.
893 3398 918 3432 u.
927 3376 1110 3431 Thestmadus
1146 3375 1329 3430 Thesimadus

180 3445 232 3501 fuit
246 3448 357 3515 quidam
375 3450 452 3502 culus
469 3450 537 3503 filius
554 3450 739 3517 aristophanes
756 3449 844 3504 factus
863 3448 916 3502 fuit
933 3449 1041 3501 insanus
1053 3455 1081 3502 et
1098 3449 1137 3501 ita
1149 3455 1274 3501 mortuus
1287 3453 1328 3501 est

180 3517 238 3587 sua]
253 3537 302 3571 om.
316 3521 380 3573 Ask.
464 3520 603 3574 Pentheus
616 3518 686 3588 siue]
701 3540 748 3574 om.
763 3523 827 3573 Ask.
909 3519 1039 3573 Pentides
1053 3521 1117 3572 Ask.
1196 3517 1249 3586 uir]
1264 3519 1331 3572 utG

180 3589 224 3641 uir
237 3587 306 3657 Cal]
321 3610 369 3643 om.
383 3592 448 3643 Ask.
519 3592 593 3645 unde
606 3589 744 3660 insanluit]
758 3592 817 3644 odd.
833 3591 896 3644 Ask.
968 3592 998 3643 In
1011 3591 1089 3643 Mure
1101 3588 1167 3643 nihii
1177 3591 1268 3641 inueni.

219 3675 279 3725 350.
298 3659 375 3726 Egile
388 3675 458 3713 uxor
470 3661 524 3715 dio.
537 3661 574 3714 fili
589 3663 612 3716 G
662 3661 783 3714 mechari
796 3667 826 3715 et
838 3677 902 3714 eum
914 3675 1020 3713 rossum
1033 3660 1129 3727 expuit
1143 3659 1166 3712 G
1214 3658 1328 3713 Scholion

182 3740 327 3800 corruptum
413 3731 440 3782 in
457 3731 530 3784 bello
543 3733 652 3785 troiano
664 3747 794 3785 uenerem
807 3733 873 3784 Ask.
962 3730 1111 3796 egialemG
1197 3729 1329 3795 egialeum

181 3802 246 3854 Ask.
300 3799 426 3867 pudicam
439 3804 504 3854 Ask.
558 3801 626 3855 fecit
637 3803 813 3855 meretricem
826 3804 892 3854 Ask.
949 3805 980 3852 ut
993 3802 1031 3853 ait
1044 3799 1177 3853 Horatius
1187 3800 1248 3853 add.
1262 3802 1327 3853 Ask.

181 3871 224 3922 alii
237 3871 322 3925 om.G
372 3873 483 3938 patetG
533 3873 647 3939 egialem
659 3873 737 3926 More
790 3873 924 3940 appuliam
938 3872 1015 3925 Mure
1068 3869 1211 3938 argosipon
1224 3872 1310 3924 Mure.

218 3957 278 4005 352.
296 3941 413 3995 Historia
425 3954 547 4012 suspecta.
576 3943 678 3996 Similia
687 3944 765 3996 Mure
776 3961 827 3995 au.
838 3941 943 3995 Locris
975 3941 1053 4010 Apud
1060 3941 1281 4010 Salu.praefixum
1291 3948 1329 3994 est

182 4010 362 4064 Callimachus
375 4011 441 4065 dicit
520 4014 717 4080 ipermestraG
729 4015 766 4066 bis
838 4017 1007 4081 ypermestra
1020 4011 1090 4064 ctis
1161 4026 1328 4078 paueronem

180 4082 225 4134 uel
238 4097 387 4148 pauernum
399 4085 477 4136 Mure
564 4098 700 4150 pauonem
713 4084 869 4152 Saluagnius
956 4081 1033 4134 uelut
1045 4097 1073 4135 se
1086 4082 1171 4149 ipsam
1184 4088 1327 4134 excusaret

180 4152 282 4204 occidit
294 4153 371 4205 Mure
412 4152 546 4207 beneficio
559 4153 734 4207 tenebrarum
747 4153 886 4220 incognita
897 4167 1096 4220 paueroronem
1106 4153 1170 4204 Ask.
1216 4152 1327 4204 necauit

180 4236 228 4275 eos
240 4221 334 4275 dicens
347 4223 374 4275 in
387 4223 430 4276 ad.
443 4225 508 4276 Ask.
593 4225 708 4276 Seruum
721 4229 751 4275 et
762 4224 922 4277 ancillamG
1009 4225 1098 4275 Versus
1109 4222 1203 4275 absunt
1214 4222 1248 4274 ab
1261 4223 1327 4274 Ask.

179 4303 204 4346 et
221 4294 338 4362 Saluag.,
352 4296 465 4362 priorem
484 4295 561 4347 Mure
578 4295 653 4347 hahet
720 4293 920 4362 Hypermestra
940 4292 993 4345 fuit
1014 4293 1133 4360 quedam
1154 4290 1251 4345 mulier
1272 4306 1327 4358 que

180 4362 350 4430 deprehensa
362 4365 389 4416 in
401 4364 535 4418 adulterio
546 4362 610 4417 dum
624 4362 709 4417 fratre
719 4365 810 4416 mariti
822 4363 892 4430 fugit
904 4363 1004 4416 auxilio
1013 4363 1199 4428 tenebrarum,
1209 4362 1327 4427 denique

181 4433 273 4485 occiso
289 4434 415 4487 adultero
432 4451 515 4488 unam
534 4435 568 4488 de
584 4434 687 4487 ancillis
703 4435 757 4487 suis
773 4433 942 4487 interfecisse
959 4433 1060 4485 dicitur
1071 4438 1103 4484 ut
1120 4432 1203 4500 ipsam
1221 4431 1326 4484 diceret

181 4502 378 4570 deprehensam
398 4505 425 4557 in
446 4505 589 4572 adulterio,
608 4505 704 4562 ancilla
725 4505 858 4573 siquidem
880 4503 961 4556 locris
982 4502 1009 4571 (Ι.
1028 4502 1113 4572 latris)
1133 4501 1284 4555 uocabatur
1301 4504 1326 4555 P
1421 4512 1425 4517 '

742 4590 763 4639 F
