3038 5010
548 395 874 457 PROLEGOMENA.
913 420 916 424 ·
1241 397 1292 457 xxi

143 553 323 629 aequiperari
337 550 431 631 (223).
473 552 544 610 Non
558 553 637 611 enim
652 555 731 612 eain
746 553 854 612 Ouidio
870 554 914 612 sui
932 553 1048 614 iactatio
1063 553 1115 612 fuit
1128 564 1160 613 ut
1174 553 1292 614 exilium

143 651 228 692 suum
248 652 316 692 curn
333 634 445 693 excidio
460 633 547 692 Vrbis
567 645 756 710 compararet,
771 636 826 694 nisi
847 645 997 694 auctorem
1018 635 1104 712 fugae
1126 636 1189 695 siue
1209 635 1294 696 factis

143 717 205 773 siue
219 716 349 773 moribus
363 715 479 791 publice
492 715 618 773 inuisum
632 715 805 789 iudicasset;
827 716 905 775 uelut
919 734 966 791 ap.
981 715 1046 774 Val.
1062 716 1143 777 Max.
1157 718 1194 776 ix.
1213 736 1258 775 11.
1274 736 1292 791 4

145 795 267 854 SeIanus
282 796 442 856 Alliensem
462 797 538 855 diem
560 797 664 854 uicisse
685 796 789 855 dicitur
798 817 806 869 3
828 806 857 855 et
870 797 902 855 in
917 797 1101 874 Cenotaphio
1116 798 1223 857 Pisano
1239 816 1293 875 pro

143 877 264 935 Alliensi
277 879 437 936 memoriae
450 877 581 954 proditur
595 878 726 954 lugubris
740 878 764 937 is
779 879 840 937 dies
856 897 915 955 quo
930 878 976 937 die
995 878 1028 938 C.
1044 878 1154 939 Caesar
1167 879 1294 956 Augusti

142 976 180 1016 ne
222 958 330 1017 sobiit.

181 975 307 1098 1illices
322 1039 439 1116 quidem
460 1040 491 1096 in
511 1041 577 1115 ipso
596 1040 723 1098 carmine
738 1038 829 1099 Ibidis
842 1039 985 1117 leguntur.
1029 1040 1088 1100 Sed
1101 1050 1131 1100 et
1143 1041 1174 1100 in
1189 1041 1294 1102 Tristi-

143 1121 198 1178 bus
220 1130 248 1179 et
265 1123 295 1179 in
309 1121 446 1197 Epistulis
468 1139 504 1178 ex
519 1120 615 1179 Ponto
635 1130 702 1179 sunt
721 1139 796 1197 quae
813 1121 851 1180 ad
865 1122 991 1180 eundem
1005 1122 1155 1182 inimicum
1169 1124 1294 1200 scriptae

143 1202 303 1261 uideantur.
344 1202 390 1260 Ex
406 1201 451 1260 his
465 1203 597 1277 proxime
612 1202 650 1260 ad
661 1203 727 1260 Ibin
741 1203 852 1262 accedit
863 1203 949 1261 Trist.
960 1203 998 1261 iii.
1012 1222 1056 1261 11.
1100 1203 1295 1263 Conferantur

147 1301 192 1358 19,
206 1302 244 1341 ao
254 1283 298 1341 Et
310 1291 399 1342 tamen
412 1291 452 1342 est
464 1283 566 1358 aliquit
580 1285 632 1357 qui
642 1283 760 1340 uulnera
774 1285 861 1342 cruda
874 1290 1008 1354 retractet,
1019 1284 1122 1343 Soluot
1129 1292 1156 1343 et
1165 1287 1195 1343 in
1208 1305 1296 1344 mores

143 1383 194 1423 ora
219 1367 322 1423 desolo
346 1384 415 1422 meos
438 1382 505 1422 cum
528 1364 571 1421 Ib.
599 1383 644 1439 13,
671 1383 726 1436 14;
755 1374 816 1422 tum
843 1384 878 1438 31
908 1365 986 1436 Quid
1004 1368 1168 1438 simulacro,
1190 1367 1294 1438 Ieron,

145 1446 246 1505 dictis
268 1447 411 1505 incessis
436 1446 578 1503 amaris?
621 1463 688 1502 cum
710 1445 752 1503 Ib.
771 1465 825 1520 29;
852 1460 899 1520 37,
920 1449 937 1503 8
963 1444 1108 1521 Cornifiei
1126 1466 1183 1505 mea
1196 1447 1296 1523 flenda

140 1533 229 1603 potest
228 1529 356 1606 fortuna
371 1528 465 1585 uideri
478 1525 516 1583 Te
530 1533 619 1584 lonico
639 1532 680 1583 est
691 1545 745 1584 uno
759 1528 846 1583 rudere
863 1546 956 1585 mersa
969 1537 1075 1601 parum
1090 1547 1157 1587 cum
1172 1530 1215 1587 Ib.
1232 1543 1258 1603 7,
1275 1530 1293 1586 8

152 1608 227 1667 Vnus
241 1609 280 1686 (et
297 1610 347 1667 lroc
368 1610 456 1684 psum
476 1614 517 1664 est
535 1609 646 1664 iniuria
667 1605 783 1685 magna)
791 1617 937 1683 perennem
955 1608 1094 1667 Candoris
1114 1611 1224 1668 titulum
1242 1628 1297 1668 non

145 1691 216 1749 sinit
227 1709 281 1749 erse
298 1691 372 1758 mei,·
395 1692 433 1763 56
448 1688 500 1745 Ad
514 1695 545 1758 te,
560 1690 688 1763 quisquis
706 1690 731 1745 is
748 1696 893 1759 canosina
912 1691 1032 1764 querella
1048 1691 1123 1748 redit
1134 1709 1201 1749 cum
1216 1691 1260 1750 Ib.
1277 1711 1295 1766 9

148 1771 281 1846 Quisquis
306 1773 332 1828 is
353 1776 398 1842 est,
420 1788 485 1827 nam
507 1789 600 1827 nomen
620 1770 712 1827 adlruc
732 1777 874 1844 utcumque
894 1771 983 1829 tacebo
991 1791 1006 1838 ,·
1029 1784 1077 1844 59,
1093 1774 1132 1829 60
1149 1771 1180 1828 T
1174 1779 1203 1830 ot
1220 1774 1296 1830 mala

144 1872 206 1910 sum
207 1853 332 1928 fugiens
345 1853 447 1922 tellure,
463 1857 502 1909 tot
512 1869 625 1926 aequore
634 1861 746 1925 passus,
765 1851 804 1908 Te
823 1870 925 1926 quoque
945 1858 977 1909 ut
995 1853 1098 1910 audetis
1111 1862 1191 1928 posse
1210 1855 1298 1911 dolere

138 1943 234 2009 putem
248 1952 316 1991 cum
330 1933 373 1992 Ib.
392 1946 459 2005 205,
476 1935 493 1988 6
512 1932 565 1990 Tot
576 1933 629 1990 tibi
639 1950 690 1989 uae
703 1933 801 1989 misero
815 1937 924 1989 uenient
937 1933 1053 2008 talesque
1066 1935 1165 1992 ruinae
1186 1935 1221 1993 Vt
1236 1935 1301 2010 cogi

146 2017 177 2073 in
198 2016 331 2072 lacrimas
351 2033 392 2071 me
411 2033 514 2090 quoque
528 2025 606 2089 posse
621 2019 713 2088 putem
722 2034 737 2080 ,·
764 2017 801 2087 63
816 2013 899 2088 Ergo
919 2016 1071 2089 quicunque
1090 2034 1126 2086 es,
1147 2018 1299 2074 rescindere

33 2096 107 2173 ω’
145 2099 274 2180 qqpmma
289 2097 353 2166 noli,
363 2094 457 2171 Deque
463 2097 556 2171 graui
567 2095 655 2152 duras
668 2096 782 2151 uulnere
794 2096 856 2152 tolle
868 2114 976 2153 manus.
1009 2096 1092 2170 thue
1105 2100 1298 2174 memsamom

57 2180 65 2190 '
146 2184 255 2237 tenuent
273 2176 378 2234 obliuia
399 2177 502 2252 culpae,
517 2176 607 2233 Foeta
629 2177 780 2234 creatricem
803 2177 898 2233 duone
918 2183 1014 2234 nostra
1032 2178 1091 2234 siru
1110 2195 1177 2236 cum
1192 2178 1297 2253 Ib.13·.

146 2259 182 2316 In
204 2256 332 2316 eundern
353 2258 460 2333 scripta
474 2268 526 2328 est,
542 2267 573 2316 ut
587 2258 709 2327 uidetur,
726 2257 814 2315 Trist.
830 2257 865 2316 iv.
882 2277 899 2332 q
915 2257 955 2316 Si
965 2259 1028 2315 licet
1039 2263 1066 2314 et
1072 2262 1187 2333 pateris,
1201 2279 1297 2318 nomen

135 2341 310 2417 facinusque
324 2338 420 2410 tacebo,
436 2339 466 2395 in
481 2356 539 2414 qua
554 2338 657 2396 eadem
672 2336 730 2396 fere
746 2337 894 2396 minitatur
908 2337 1033 2398 Ouidius
1053 2357 1129 2415 quae
1148 2340 1178 2398 In
1195 2340 1296 2411 Ibide;

147 2421 182 2479 cs.
201 2423 218 2478 8
243 2419 346 2477 Induet
366 2420 472 2498 rns‘elr'x
493 2438 576 2476 orma
599 2426 692 2476 coacta
714 2420 791 2476 dolor
820 2437 887 2477 cum
915 2419 1014 2478 Ib.1o
1040 2419 1125 2496 Cogit
1145 2423 1298 2480 enassrutar

147 2521 251 2561 sumere
265 2501 318 2558 tela
332 2520 453 2569 manus,·
479 2519 575 2574 ²1·3²
592 2500 652 2558 Ibit
669 2501 710 2558 ad
727 2519 857 2571 occasum,
876 2502 1013 2575 quidquid
1027 2502 1154 2572 dicemus,
1173 2503 1208 2561 ad
1226 2509 1297 2560 ortu.

151 2582 240 2641 Testis
251 2589 277 2638 et
282 2582 435 2656 Hesperiae
448 2584 523 2639 uocis
537 2581 615 2639 Eous
628 2583 689 2639 erit.
717 2580 748 2637 T
742 2600 813 2638 rans
823 2600 870 2657 ego
880 2582 1012 2653 tellurem,
1022 2587 1102 2640 trans
1113 2585 1185 2641 altas
1195 2585 1299 2642 audiar

147 2665 246 2734 undas,
260 2662 304 2719 Et
311 2665 432 2737 gemitus
446 2681 506 2721 uox
519 2671 559 2719 est
571 2664 787 2741 magnasutura
802 2664 861 2721 mei.
898 2661 958 2721 Nec
968 2670 1017 2720 tuo
1027 2670 1051 2721 te
1064 2670 1164 2721 sontem
1178 2672 1298 2723 tantum-

148 2746 223 2803 modo
238 2745 348 2802 saecula
363 2746 466 2802 norint.
508 2744 661 2818 Perpetuae
674 2747 778 2801 crimen
788 2746 959 2818 posteritatis
979 2746 1044 2802 eris.
1085 2743 1150 2804 Iam
1159 2748 1251 2824 feror
1267 2748 1300 2803 in

142 2837 265 2902 pugnas,
285 2831 313 2882 et
330 2827 449 2882 nondum
471 2844 575 2883 cornua
595 2827 723 2900 sumpsi;
751 2824 812 2882 Nee
836 2825 910 2882 milri
930 2826 1058 2883 sumendi
1074 2845 1159 2884 causa
1179 2828 1219 2885 sit
1236 2828 1299 2885 ulla

148 2909 238 2964 uelim.
284 2905 387 2964 Cz'reus
400 2906 491 2963 adlruc
504 2913 597 2977 cessat,
610 2909 725 2982 spargit
740 2913 830 2964 tamen
848 2924 913 2964 acer
925 2909 1057 2965 harenam
1075 2905 1190 2966 Iaurus
1210 2915 1237 2966 et
1255 2911 1299 2966 in·

137 2990 215 3067 sesto
230 2990 286 3046 eam
297 2988 361 3062 pede
368 2988 469 3061 pulsat
479 2987 602 3044 humum.
644 2986 708 3045 Hoc
721 3005 823 3062 quoque
840 3006 923 3062 quam
943 2989 1023 3044 uolui
1034 2989 1102 3063 plus
1122 2996 1167 3046 est.
1212 2988 1297 3061 Cane,

148 3067 249 3140 Musa,
263 3075 391 3143 receptus,
402 3067 481 3125 Dum
496 3071 560 3126 licet
570 3071 636 3126 lcuz'c
649 3087 743 3126 nomen
757 3068 933 3126 dissimulare
945 3087 1035 3139 mum,
1050 3087 1117 3127 curn
1132 3070 1176 3127 Ib.
1189 3085 1299 3144 45-54.

149 3150 284 3226 Denique
305 3149 393 3207 Trist.
411 3168 437 3207 v.
456 3152 473 3206 8
497 3151 528 3207 in
549 3149 615 3207 Ibin
638 3150 802 3225 composita
822 3159 865 3207 est
886 3147 954 3208 Non
974 3149 1039 3207 odeo
1058 3151 1149 3221 cecz'eli,
1170 3152 1300 3225 quamuis

148 3230 275 3302 obtectus,
290 3236 323 3287 ut
341 3232 423 3309 infra
446 3229 484 3288 Te
503 3250 605 3306 quoque
625 3233 687 3301 scm,
702 3232 824 3308 inferrus
844 3248 896 3304 quo
916 3229 992 3286 nrlrd
1009 3249 1063 3288 esre
1079 3236 1186 3306 potest,·
1208 3230 1243 3289 cs.
1263 3250 1299 3289 10

148 3311 271 3387 Inposita
289 3311 400 3370 calcas
417 3312 491 3386 quod
500 3314 635 3391 mensola
645 3312 710 3386 pede
724 3329 790 3369 cnm
805 3311 849 3369 Ib.
863 3330 917 3385 29;
940 3323 976 3384 37
997 3311 1080 3385 thue
1093 3331 1140 3387 ego
1154 3318 1178 3369 te
1191 3314 1299 3369 uideam

148 3413 234 3451 causa
250 3395 388 3470 grauiore
396 3395 538 3471 fugatum
559 3412 626 3451 curn
648 3393 839 3466 Ib.2e,113.
882 3392 979 3449 Etiam
999 3392 1072 3450 inter
1092 3392 1240 3477 Epistulas
1262 3412 1299 3452 ex

149 3474 245 3533 Ponto
267 3492 326 3531 una
347 3483 392 3531 est
416 3492 492 3549 quae
517 3492 585 3532 cum
609 3473 701 3532 modo
726 3474 893 3532 memoratis
913 3472 942 3530 T
943 3473 1054 3531 ristium
1075 3468 1298 3534 memmae

148 3548 399 3614 mifiionsentiat
412 3556 448 3623 in.
465 3574 481 3629 3
501 3554 663 3631 Conquerar
681 3574 718 3612 an
737 3556 858 3613 sileam?
876 3565 981 3631 ponam
995 3557 1054 3613 sine
1067 3558 1183 3613 cremiru
1197 3574 1299 3627 nomen,

148 3636 199 3694 An
212 3643 304 3694 notum
318 3638 370 3712 qui
380 3630 559 3694 snorn‘nr'lus
572 3656 625 3694 esse
639 3637 746 3693 uelr'mi
786 3636 907 3695 Nomine
920 3654 974 3693 non
987 3644 1062 3709 utar,
1077 3656 1110 3695 ne
1122 3638 1302 3696 commendere

148 3718 277 3792 querella,
303 3716 513 3792 Quaeraturque
537 3717 592 3775 lidi
607 3719 731 3775 carmine
746 3718 838 3792 fama
859 3737 922 3776 nuo.
964 3718 1009 3777 cf.
1033 3731 1069 3793 ²⁵1
1101 3719 1160 3778 Vix
1180 3720 1301 3793 equidem

148 3800 235 3870 credo,
250 3798 300 3855 sed
310 3805 336 3855 et
348 3800 484 3856 insultare
498 3800 601 3856 iacenti
614 3798 653 3855 Te
666 3798 741 3855 milri
751 3818 797 3855 nec
810 3799 904 3857 uerbis
910 3810 1028 3875 parcere
1028 3802 1119 3878 fama
1133 3801 1221 3878 refert
1231 3817 1301 3858 cum

150 3879 193 3938 lb.
210 3899 256 3954 29.
301 3879 369 3952 Qua
384 3878 501 3955 quidem
515 3880 546 3937 in
560 3879 683 3955 epistula
696 3880 796 3937 nescio
811 3897 849 3937 an
860 3898 921 3938 non
935 3882 966 3939 in
980 3881 1125 3939 uocabulo
1136 3881 1189 3938 ibis
1203 3880 1302 3939 luserit

149 3961 299 4019 inimicum
313 3960 471 4035 respiciens
485 3961 515 4018 in
529 3979 617 4037 quem
629 3961 696 4018 Ibin
710 3961 832 4036 scripsit.
875 3975 954 4034 51-4
966 3960 1069 4019 ‘Litus
1082 3963 1123 4020 ad
1131 3961 1299 4019 Euxinum'

149 4044 259 4117 siquis
283 4043 358 4100 milri
378 4042 478 4100 deerret
497 4042 567 4099 ‘e'brs
587 4041 631 4098 Et
649 4048 747 4098 metues
767 4061 838 4098 arcu
858 4062 891 4099 ne
902 4044 1021 4121 ferrare
1044 4041 1143 4101 Getae’
1167 4040 1208 4099 ‘I
1225 4041 1301 4102 bibe'

150 4124 285 4181 donassem
318 4127 492 4199 ‘purgantes
521 4131 631 4198 pectora
665 4142 751 4194 sucos,
790 4122 935 4198 Ominuid
963 4130 990 4180 et
1021 4125 1053 4181 in
1086 4130 1141 4182 tola
1175 4125 1302 4182 nascitm

148 4202 324 4278 Antt'eyra*.’
894 4234 896 4238 ⁴

184 4354 198 4387 *
215 4352 263 4398 Has
280 4351 387 4412 epistulas
402 4360 432 4398 ex
450 4349 564 4398 Tristibus
581 4362 604 4399 et
621 4352 679 4412 Epp.
696 4352 725 4398 de
742 4353 818 4400 Ponto
835 4353 864 4399 ad
881 4352 931 4400 Ibin
948 4352 1041 4413 scriptas
1058 4351 1126 4399 fuisse
1143 4350 1211 4398 uideo
1229 4351 1301 4398 edam

151 4417 293 4464 Graeberum
306 4417 404 4465 Iudicate
419 4419 517 4478 Quaest.
528 4416 597 4464 Ouid.
610 4432 667 4478 px,
681 4420 761 4479 inqua
774 4419 803 4466 de
815 4419 895 4466 amicis
905 4419 987 4480 podiae
998 4433 1056 4478 quor
1067 4417 1091 4465 in
1107 4417 1176 4464 exibo
1193 4416 1299 4462 nominat

151 4483 240 4543 optime
251 4482 362 4530 disseruit.
396 4482 521 4544 (Elberfeld
535 4482 617 4544 1881.)
