3038 5010
645 403 648 407 ·
677 376 722 436 IN
745 377 842 437 IBIN.
1248 386 1310 448 103

166 534 256 592 fluuio
273 542 425 610 potassent
443 531 534 591 Troia
552 550 613 590 non
632 549 718 608 cape·
759 532 924 591 interiecit·
967 530 1100 616 [fetatum
1136 537 1215 597 enim
1250 548 1312 598 erat

166 626 251 686 retur,
272 625 358 674 nocte
380 623 478 673 autem
500 615 610 690 sopitus
632 614 718 673 sociis
760 614 881 690 quodsi
901 633 952 674 sex
974 619 1040 693 equi
1060 618 1116 676 albi
1133 619 1224 694 ipsius
1239 619 1312 680 Resi

166 697 225 754 suis
238 697 449 755 dormientibus
460 696 498 753 ab
506 695 592 753 Vlixe
602 696 716 754 occisus
758 697 794 753 de
815 695 938 756 Xantho
960 698 1049 757 fluuio
1069 700 1201 758 biberent
1222 712 1251 760 et
1265 702 1310 761 ·de

165 788 217 848 est,
235 779 304 855 equi
318 796 388 836 uero
403 778 490 853 capti.
535 776 572 836 G.
757 778 874 853 pascuis
902 790 1055 854 pascerent
1083 781 1220 842 Troianis
1248 801 1313 841 arn-

757 858 831 934 plius
847 858 939 918 Troia
953 879 1014 919 non
1029 873 1129 937 posset
1144 864 1217 940 capi,
1233 873 1265 922 ut
1280 865 1311 923 d.

756 936 902 1021 Ouidius]
948 941 975 1000 C
986 943 1092 1001 elAsk.

205 1024 275 1097 631.
297 1021 409 1092 Quam
434 1041 520 1099 quos
546 1039 619 1080 cum
646 1020 714 1079 Ru·
797 1021 887 1079 Nisus
901 1021 1026 1098 Hyrtaci
1041 1025 1115 1082 filius
1134 1034 1163 1083 et
1177 1024 1310 1085 Eurialus

163 1103 245 1162 tulo.
301 1102 414 1162 Notum
446 1113 490 1163 est
518 1103 554 1161 de
583 1101 658 1161 Niso
686 1112 715 1160 et
756 1120 856 1162 comes
871 1103 908 1162 de
923 1104 1038 1163 ciuitate
1053 1107 1119 1177 etus,
1132 1107 1205 1165 sicut
1222 1127 1310 1184 supra

163 1184 282 1244 Eurialo
312 1186 362 1260 qui
390 1186 566 1244 Ramnetem
599 1183 714 1241 occide·
756 1184 866 1241 dictum
883 1193 935 1255 est,
950 1184 1127 1245 Ramnetem
1144 1207 1244 1264 regem
1258 1191 1310 1265 qui

163 1275 230 1324 runt
264 1275 292 1324 et
328 1286 346 1325 a
377 1267 535 1326 Volscente
573 1265 714 1323 interlecti
755 1283 808 1323 rex
823 1274 903 1340 parte
918 1275 1029 1324 tantum
1044 1267 1144 1340 fuerat,
1159 1270 1310 1329 inuentum

165 1356 238 1405 sunt.
284 1346 320 1406 G.
755 1364 824 1405 cunr
846 1346 933 1405 sociis
955 1357 1112 1424 antequam
1133 1351 1189 1427 ipsi
1210 1361 1311 1426 essent

754 1427 792 1485 ab
808 1427 939 1486 hostibus
956 1428 1138 1505 deprehensi,
1158 1430 1310 1492 interfece-

753 1516 828 1579 runt,
850 1517 882 1566 ut
907 1509 945 1567 ait
963 1508 1111 1587 Virgilius.
1162 1529 1251 1589 supra
1273 1513 1311 1572 de

753 1599 846 1648 morte
863 1588 927 1648 Nisi
941 1599 970 1649 et
984 1590 1091 1650 Euriali
1106 1589 1307 1675 [Archadiae],

753 1671 801 1729 hic
818 1671 855 1728 de
871 1671 925 1730 illis
941 1690 1017 1747 quos
1035 1682 1064 1732 et
1080 1674 1135 1749 ipsi
1154 1675 1240 1733 morti
1258 1676 1309 1734 de-

754 1752 858 1810 derunt
871 1752 1058 1813 dormientes.
1103 1754 1136 1813 C.

204 1837 271 1910 ⁶33·
294 1833 543 1910 Cliniadaeque
557 1833 670 1893 modo.
709 1833 841 1893 Persicus
854 1834 929 1893 filius
942 1833 1058 1906 †Clinii,
1072 1855 1126 1912 pro
1141 1853 1213 1895 auro
1228 1836 1309 1914 quod

162 1935 261 1976 secum
276 1916 394 1986 serebat,
410 1934 427 1974 a
442 1916 527 1974 sociis
541 1915 665 1992 propriis
679 1916 792 1974 occisus
806 1926 859 1974 est.
904 1914 941 1974 G.
1259 1976 1261 1981 ,

203 1998 335 2057 Persicus
349 1998 423 2056 filius
437 1996 551 2068 †Clinii,
567 2015 622 2074 pro
637 2013 707 2055 auro
722 1995 804 2073 quod
817 1995 965 2055 deferebat
978 2014 1086 2070 secum,
1102 1998 1216 2058 occisus
1231 2008 1275 2058 est
1291 2019 1309 2058 a

160 2080 249 2138 sociis
264 2080 323 2138 suis
337 2088 366 2137 et
380 2089 532 2138 crematus.
577 2077 611 2138 C.

203 2163 271 2236 635.
292 2161 405 2237 thue
426 2159 534 2219 Remo
555 2177 679 2218 muros.
721 2159 830 2218 Poetae
849 2158 949 2217 dicunt
970 2158 1107 2233 Remum,
1129 2161 1229 2221 nescio
1249 2181 1308 2238 qua

162 2243 342 2308 necessitate,
367 2259 467 2299 muros
493 2240 646 2299 Romanos
670 2259 764 2317 nuper
788 2240 881 2300 iactos
906 2241 1090 2313 transiliisse3
1123 2261 1211 2318 quem
1239 2243 1307 2302 ideo

161 2324 257 2383 rustici
284 2322 496 2383 interfecerunt.
546 2323 598 2380 sed
624 2340 726 2381 reuera
750 2340 768 2379 a
792 2320 877 2380 fratre
902 2340 956 2381 suo
982 2321 1078 2381 Remo
1103 2325 1143 2382 ob
1167 2324 1307 2383 inuidiam

161 2406 274 2464 occisus
289 2415 339 2463 est.
385 2402 421 2462 G.

203 2486 348 2545 Romulus
359 2495 387 2543 et
399 2485 511 2544 Remus
522 2484 620 2543 Roma
635 2482 712 2542 facta
725 2483 801 2543 hanc
816 2483 912 2560 legem
927 2492 1085 2543 statuerunt
1098 2495 1129 2544 ut
1144 2487 1193 2563 qui
1207 2505 1307 2546 muros

162 2569 295 2626 transiret
320 2568 413 2643 capite
437 2576 624 2624 truncaretur.
666 2566 786 2640 contigit
811 2577 908 2623 autern
929 2565 1010 2641 quod
1031 2566 1143 2626 Remus
1166 2570 1307 2640 transiuit,

161 2649 239 2706 unde
254 2667 271 2707 a
285 2649 398 2707 rusticis
413 2658 456 2707 est
470 2648 584 2706 occisus
600 2656 629 2704 et
643 2665 661 2704 a
675 2647 783 2705 scelere
798 2649 847 2723 qui
862 2647 980 2704 iubebat
994 2665 1077 2723 opus.
1123 2649 1156 2708 C.

204 2733 271 2805 637.
293 2729 448 2807 Denique
472 2729 684 2787 Sarmaticas.
726 2728 796 2786 Post
806 2729 883 2803 haec
899 2729 999 2785 omnia
1013 2728 1090 2786 mala
1104 2729 1308 2805 praecedentia

161 2822 298 2887 sequatur
311 2811 362 2869 tibi
376 2811 433 2869 hoc
447 2811 616 2887 pessimum,
631 2810 729 2867 uiuere
746 2810 819 2867 inter
834 2809 933 2879 GetaS,
948 2810 1022 2867 sicut
1039 2813 1185 2870 monacho
1200 2813 1307 2872 intrare

161 2893 326 2951 claustrum.
367 2892 446 2950 unde
461 2891 584 2951 Ouidius
604 2890 661 2950 hoc
682 2892 713 2948 in
733 2890 841 2948 ultimis
859 2890 943 2967 quasi
962 2890 999 2949 ad
1019 2891 1168 2949 cumulum
1189 2911 1307 2968 proece-

161 2975 292 3034 dentium
307 2975 487 3050 imprecatur.
532 2971 566 3032 C.

160 3150 225 3201 Ask.
280 3148 459 3202 inuentumG
512 3146 568 3199 uim
576 3147 736 3215 procumG
790 3144 982 3198 interfoecitC
1036 3144 1308 3199 Fatatum-ouidius

160 3239 207 3272 non
219 3229 309 3272 extant
320 3220 347 3270 in
360 3219 425 3270 Ask.
521 3218 673 3271 exanctoG
772 3216 878 3269 ouidius
890 3217 930 3269 M.
942 3218 1024 3268 XIII.
1040 3233 1090 3280 249
1127 3217 1234 3285 Sumpta
1246 3227 1306 3271 sunt

159 3292 221 3342 baec
232 3309 263 3342 ex
276 3291 345 3343 Seru.
358 3290 394 3341 ad
404 3290 470 3343 Aen.
483 3292 505 3342 Ι.
518 3291 579 3353 469.

196 3364 256 3425 631.
275 3360 440 3412 uolcenteG
511 3358 637 3427 icareiG
699 3354 762 3426 eius]
775 3358 858 3411 suaG
928 3355 1111 3410 TametemC
1163 3354 1223 3425 rex]
1239 3359 1308 3411 exC

161 3432 227 3484 Aen.
240 3433 292 3484 IX.
304 3444 352 3495 327
369 3429 430 3482 Rex
443 3429 516 3481 idem
529 3435 558 3481 et
570 3431 627 3496 regi
638 3427 736 3480 Turno
749 3428 915 3493 gratissimus
927 3443 1013 3493 augur
1043 3425 1169 3493 Virgilius
1179 3428 1244 3480 Aen.
1254 3429 1306 3482 IX.

163 3517 283 3567 324-355
356 3500 483 3553 archadie
496 3502 518 3554 G
530 3502 609 3553 nescio
621 3500 685 3552 unde
696 3498 809 3552 illatum.

197 3576 258 3636 633.
278 3570 403 3623 Persicus
417 3570 498 3623 Clinii
513 3570 581 3621 filius
593 3586 609 3622 a
621 3570 701 3622 sociis
715 3570 821 3621 occisus
836 3574 878 3621 est
897 3584 928 3621 ac
947 3567 1174 3621 semicombustus
1192 3571 1306 3636 propter

161 3643 219 3695 auri
232 3643 340 3710 copiam
352 3657 435 3709 quam
447 3641 565 3694 habebat
581 3656 674 3693 secum
686 3642 751 3693 Ask.
789 3641 890 3693 Similia
902 3641 978 3692 babet
992 3640 1069 3693 Mure
1080 3641 1129 3691 nisi
1140 3640 1205 3707 quod
1215 3650 1305 3692 siran-

157 3714 280 3782 gulatum
298 3714 367 3778 dicit,
386 3713 427 3765 uel
444 3712 508 3780 quod
523 3714 713 3764 semicrematus
736 3711 773 3764 ad
792 3713 884 3777 inferos
906 3711 1057 3764 descenderit
1074 3730 1095 3762 s.
1114 3729 1139 3762 u.
1159 3709 1305 3762 CliniadeS.

160 3785 277 3836 Historia
293 3785 411 3849 fortasse
424 3784 541 3850 ficticia:
568 3801 631 3849 quae
652 3791 737 3834 tamen
758 3800 806 3834 non
827 3783 900 3850 longe
920 3800 938 3833 a
960 3799 1021 3834 uera
1043 3781 1153 3846 discedit,
1172 3782 1223 3833 nisi
1242 3781 1308 3848 quod

160 3857 277 3907 Persicus
289 3854 435 3922 appellatur
448 3855 491 3921 qui
505 3853 650 3905 Alcibiades
666 3861 733 3917 erat,
746 3871 820 3919 neque
835 3871 853 3904 a
869 3854 942 3904 sociis
961 3854 1013 3904 suis
1031 3852 1071 3903 bic
1089 3852 1133 3905 sed
1148 3870 1165 3903 a
1183 3851 1306 3904 barbaris

90 3946 93 3951 ·
161 3926 305 3990 interfectus
317 3935 362 3977 est.
390 3925 462 3976 Nam
477 3923 606 3976 Alcibiadi
617 3942 663 3976 rex
672 3925 755 3975 Persa
767 3924 888 3989 Grynium
900 3922 1004 3975 dederat
1015 3924 1041 3974 in
1054 3924 1170 3990 Phrygia
1182 3932 1305 3987 castrum,

160 4014 191 4047 ex
210 4015 257 4062 quo
274 3995 448 4063 quinquagena
467 3995 565 4047 talenta
584 3994 716 4061 uectigalis
735 3995 848 4061 capiebat
867 3993 952 4060 (Corn.
972 3993 1036 4061 Nep.
1056 3994 1140 4046 Alcib.
1154 3989 1192 4058 9),
1211 4003 1240 4045 ut
1257 4011 1305 4044 non

161 4068 286 4118 immerito
294 4077 398 4134 propter
410 4083 503 4118 aurum
516 4066 607 4116 occisus
620 4064 669 4116 dici
676 4065 796 4132 potuerit,
809 4064 1015 4130 quemadmodum
1028 4066 1050 4116 ei
1059 4074 1164 4131 propter
1172 4063 1304 4131 pecuniam

160 4138 213 4189 iam
226 4147 285 4188 ante
297 4137 403 4188 Thraces
416 4136 647 4201 insidiasfecerant
659 4134 733 4203 (Nep.
744 4133 782 4202 9).
812 4136 941 4187 Persicum
954 4152 1012 4186 uero
1024 4153 1041 4186 a
1054 4134 1175 4186 barbaris
1188 4144 1304 4185 uocatum

161 4209 268 4269 conicias
286 4205 442 4259 Alcibiadem
461 4217 594 4272 tamquam
612 4225 630 4257 a
649 4223 705 4272 rege
723 4208 805 4257 Persa
824 4207 937 4269 missum,
956 4205 1086 4257 insolitum
1103 4222 1189 4256 nomen
1207 4203 1305 4270 refugi-

159 4278 264 4330 entibus.
312 4278 427 4330 Ceterum
449 4295 510 4328 uera
531 4276 662 4344 explicatio
683 4275 712 4328 de
733 4275 867 4327 Alcibiade
887 4285 961 4329 extat
984 4277 1011 4327 in
1036 4274 1087 4326 cod.
1112 4276 1143 4338 36
1169 4273 1306 4325 Seminarii

159 4350 289 4400 Patauini.

197 4420 256 4482 633.
276 4417 368 4469 nescio
381 4433 434 4484 qua
447 4418 483 4469 bis
499 4417 522 4469 G
593 4415 728 4482 contignit
741 4415 769 4468 G.

197 4491 257 4552 637.
276 4489 460 4556 sequanturG
538 4487 668 4552 gethasC
746 4486 898 4538 monacoG
975 4490 1038 4549 gete
1052 4484 1085 4537 G.
