3038 5010
659 414 704 473 IN
733 414 830 476 IBIN.
1280 425 1318 478 47

212 591 279 631 212.
300 572 392 631 fuere
413 571 509 632 loco:
535 581 567 630 ut
587 581 684 631 essent
704 573 834 648 benigni.
876 573 913 632 ln
933 572 991 635 hoc
1011 583 1081 634 nota
1101 574 1182 652 quod
1202 575 1271 634 luna
1290 584 1320 634 et

169 654 213 714 sol
226 654 388 712 mediocres
402 662 476 711 sunt.
521 652 600 711 Nam
613 672 666 730 per
681 654 896 713 adiunctionem
911 655 984 714 fiunt
997 648 1068 715 boni
1082 666 1111 714 et
1125 656 1201 714 mali.
1245 658 1279 717 C.

211 754 278 807 214.
300 734 390 793 Maia
411 735 495 794 Ioui.
538 735 699 794 Mercurius
720 735 795 794 filius
816 735 898 795 Iouis
919 747 949 795 et
969 737 1067 797 Maiae
1087 738 1163 798 filiae
1183 737 1318 810 Atlantis,

169 818 250 876 cuius
266 817 347 875 stella
361 831 428 876 cuni
443 817 528 875 bonis
542 818 622 875 bona
636 826 688 888 est,
703 834 771 875 cum
785 817 869 876 malis
883 819 967 878 mala.
1012 818 1045 878 C.

213 901 280 957 216.
301 908 513 973 presserunt:
543 898 581 956 ad
603 897 799 956 infelicitatem
822 898 1035 959 inclinauerunt
1056 909 1089 960 ut
1110 909 1180 979 pote
1204 899 1319 977 ponde-

169 998 244 1039 rosa.
290 978 323 1038 C.

210 1061 420 1136 falciferique
443 1060 541 1120 senis.
583 1059 632 1119 Ad
652 1059 756 1119 falcem
775 1059 891 1138 respicit
909 1059 1038 1122 Saturni.
1082 1062 1222 1121 Saturnus
1240 1063 1318 1122 enim

168 1161 258 1202 senex
280 1160 332 1218 per
353 1142 457 1200 Iouem
478 1160 495 1199 a
516 1159 608 1218 regno
629 1142 776 1218 expulsus,
798 1143 829 1200 in
851 1142 965 1202 Italiam
989 1144 1105 1220 fugiens
1130 1162 1148 1203 a
1171 1145 1243 1203 Iano
1269 1145 1319 1220 qui

168 1225 227 1283 iam
238 1224 287 1282 ibi
306 1225 446 1299 regnabat
465 1232 599 1298 receptus
618 1233 671 1294 est,
686 1225 754 1299 quia
772 1242 840 1282 eum
859 1223 958 1282 docuit
976 1243 1062 1284 usum
1079 1225 1159 1284 falcis
1177 1235 1205 1283 et
1219 1226 1320 1284 uinea-

168 1324 234 1364 rum
244 1324 251 1376 ;
273 1305 321 1363 uel
335 1306 403 1381 quia
417 1315 533 1380 tempus
550 1304 691 1380 designat,
706 1303 787 1381 quod
805 1315 849 1364 est
867 1324 1020 1364 recuruum
1039 1307 1076 1365 ad
1096 1307 1218 1365 modum
1237 1305 1319 1366 falcis

168 1395 344 1446 recuruatae.
385 1386 492 1444 Aliter:
522 1387 590 1463 quia
611 1386 664 1444 iste
683 1386 800 1462 planeta
819 1405 880 1444 non
899 1387 995 1445 minus
1015 1397 1103 1447 nocet
1123 1388 1155 1446 in
1175 1398 1319 1463 retrogra-

168 1467 284 1527 datione
301 1486 389 1542 quam
403 1469 433 1524 in
448 1467 660 1544 progressione,
675 1466 925 1543 quemadmodum
939 1476 968 1526 et
982 1467 1049 1526 falx.
1093 1469 1127 1529 G.

211 1568 279 1607 aaa.
301 1548 522 1624 Cinyphiam:
552 1548 570 1606 i.
585 1557 690 1606 terram
711 1549 752 1606 ita
771 1558 886 1625 turpem
907 1544 981 1607 sicut
1001 1561 1045 1609 est
1066 1548 1218 1626 Cinyphia.
1261 1549 1319 1608 Vel

168 1631 236 1706 quia
253 1640 337 1688 natus
352 1640 396 1688 est
410 1631 440 1689 in
454 1631 518 1706 ipsa
531 1629 677 1706 Cinyphia
692 1630 743 1687 ubi
762 1630 912 1690 abundant
926 1629 996 1689 hirci
1004 1650 1013 1704 ;
1035 1649 1124 1709 quare
1142 1631 1241 1708 turpis·
1253 1649 1319 1691 esse

169 1712 281 1771 dicitur.
323 1710 361 1769 P.

212 1811 279 1867 234.
300 1792 328 1849 A
347 1792 431 1850 male
450 1791 592 1851 deserta.
634 1791 765 1851 Alicuius
781 1792 917 1869 pauperis
931 1792 981 1870 qui
996 1792 1136 1852 deseritur
1150 1793 1188 1852 ab
1201 1794 1319 1852 homin-

168 1874 242 1933 ibus.
283 1873 326 1932 H.
557 1892 566 1905 ·

212 1970 279 2030 253.
302 1953 503 2032 Quantaque
524 1954 696 2031 clauigeri.
738 1954 820 2014 Nota
841 1962 884 2014 est
904 1953 1002 2014 fabula
1022 1953 1060 2014 de
1076 1953 1237 2015 Philoctete
1258 1955 1318 2015 filio

169 2036 314 2096 Poeantis.
361 2035 398 2095 G.

211 2131 279 2192 255.
295 2116 486 2176 Necleuius
501 2117 626 2176 doleas.
645 2115 724 2176 *Det-
807 2114 937 2176 *Dareus
965 2118 1013 2176 uel
1039 2117 1146 2176 Darius
1173 2116 1276 2193 pulsus
1301 2137 1319 2177 a

169 2217 235 2257 reus
263 2199 338 2256 filius
363 2197 470 2256 Milesii
494 2198 608 2257 Daretis
636 2200 724 2258 nouis
764 2200 857 2274 patria
878 2199 909 2257 in
929 2199 1015 2257 exilio
1036 2217 1054 2257 a
1075 2217 1160 2258 cerua
1179 2200 1318 2277 quamdiu

168 2281 321 2339 tormentis
338 2288 367 2338 et
386 2280 536 2354 exquisitis
555 2281 634 2338 ciues
654 2298 723 2338 suos
765 2280 836 2339 uixit
861 2289 962 2355 pastus
984 2289 1035 2338 est.
1086 2279 1195 2339 Aliter:
1224 2279 1319 2339 Dares

168 2362 273 2431 affecit,
297 2362 398 2436 eisque
425 2361 470 2419 lac
494 2379 596 2420 ceruae
624 2361 723 2438 propi·
764 2361 879 2420 Daretis
911 2361 1016 2419 Milesii
1050 2361 1125 2419 filius
1160 2361 1319 2420 crudelium

168 2461 242 2501 nans
261 2442 339 2501 idem
358 2460 462 2517 passus
481 2453 526 2502 est
543 2444 580 2500 ab
595 2442 637 2501 eis
650 2453 723 2502 teste
764 2452 973 2502 tormentorum
987 2443 1145 2519 exquisitor
1155 2443 1234 2502 ciues
1249 2457 1318 2502 su'os

167 2522 301 2600 Eupoli*
347 2522 384 2581 G.
764 2525 862 2600 coegit
883 2524 981 2583 bibere
1004 2524 1153 2582 ceruinam
1177 2523 1222 2581 lac
1247 2524 1320 2583 uino

210 2603 343 2663 *Daretis
358 2603 491 2665 †Talaris
505 2623 555 2663 rex
570 2604 645 2662 filius
665 2603 723 2663 Mi·
764 2606 887 2664 mixtum
909 2614 938 2662 et
959 2605 1000 2664 sic
1022 2623 1075 2664 eos
1096 2604 1210 2663 affecit:
1237 2605 1319 2680 quod

168 2688 229 2745 lesii
238 2695 449 2745 tormentorum
458 2685 605 2761 inquirens
616 2704 724 2761 genera
764 2687 827 2760 ipse
842 2687 962 2744 tandem
982 2705 999 2743 a
1019 2686 1078 2744 suis
1092 2686 1203 2744 ciuibus
1218 2686 1320 2744 bibere

168 2768 274 2844 quibus
293 2767 428 2826 homines
449 2783 519 2825 suos
538 2767 631 2842 possit
652 2767 723 2824 affli·
764 2778 884 2828 coactus
899 2777 1029 2826 mortuus
1043 2766 1113 2826 est*
1154 2765 1252 2825 Mure.

168 2868 236 2926 gere
247 2849 293 2908 lac
303 2849 454 2907 ceruinum
466 2848 546 2923 quod
561 2848 667 2906 nimiae
679 2859 724 2907 est

168 2930 366 2989 amaritudinis
387 2930 512 3005 cogebat
536 2947 588 2987 eos
611 2940 723 3005 potare,

168 3010 304 3087 idemque
318 3011 437 3069 tandem
449 3028 466 3068 a
477 3010 589 3069 ciuibus
604 3011 663 3068 suis
674 3010 724 3069 de-

168 3111 289 3169 prensus
306 3103 425 3151 coactus
442 3100 487 3149 est
504 3092 565 3166 pati
580 3091 725 3166 *Eupolio

167 3179 295 3232 testante:
310 3173 373 3231 Loc
384 3174 650 3246 ceruoe†premendo
659 3192 722 3231 suos

162 3255 315 3332 pertinebat
329 3256 448 3315 †eosdem
465 3253 655 3330 Exemploque
672 3273 725 3312 ruo·

162 3345 280 3413 potuque
289 3343 442 3412 peremptus
456 3336 541 3392 eodem
555 3333 619 3393 est*
665 3335 698 3395 C.

210 3431 278 3492 257.
300 3417 433 3492 Quique
455 3417 495 3475 ab
516 3434 602 3494 equo
624 3435 720 3492 prae·
802 3415 1000 3494 Bellerophon
1017 3415 1108 3476 Proeti
1124 3414 1218 3475 fratris
1231 3415 1319 3476 Acri·

204 3581 266 3618 212.
282 3564 322 3617 sol
335 3564 363 3616 iu
375 3563 429 3616 hoc
441 3562 595 3616 mediocres
607 3564 637 3617 C.

204 3639 264 3689 216.
285 3635 394 3687 Saturni
408 3634 493 3688 om.G
561 3635 653 3688 istaC.

204 3723 264 3760 222.
284 3705 452 3774 Cynipbeam
466 3707 490 3756 P
521 3707 524 3712 '
560 3704 702 3773 cynifeaP
774 3705 951 3774 CynipheaP
1020 3704 1181 3758 habundant
1192 3703 1270 3773 hyrci
1283 3706 1318 3759 P.

203 3794 264 3842 253.
283 3779 326 3829 Ab
338 3777 382 3828 hoc
394 3776 450 3828 inde
461 3795 536 3829 uersu
548 3786 637 3829 extant
649 3776 744 3828 scholia
759 3778 785 3829 in
799 3777 823 3830 G
893 3776 999 3829 filotete
1013 3777 1037 3830 G
1107 3775 1213 3843 peantis
1227 3776 1258 3829 G.

203 3863 264 3912 255.
283 3847 400 3900 Historia
403 3845 513 3914 ficticia,
525 3865 612 3899 uersus
623 3845 791 3916 suppositicii*
870 3846 968 3899 dereus
982 3848 1006 3901 G
1088 3846 1279 3899 melesitaretis
1292 3846 1317 3898 G

167 3917 304 3971 milexiiC
384 3918 484 3969 correxi
500 3936 531 3969 ex
546 3918 690 3971 Askeuiano
708 3935 778 3984 quem
797 3918 909 3970 exhibuit
920 3917 1059 3970 Merkelius
1078 3920 1104 3970 in
1122 3918 1159 3970 ed.
1171 3920 1233 3970 anni
1248 3921 1278 3968 18
1283 3931 1315 3981 ῃ

145 3987 285 4041 'Daretes
297 3987 411 4056 phalaris
424 3989 489 4039 Ask.
555 4003 656 4052 genera
668 3987 807 4054 inquirens
821 3988 885 4040 Ask.
955 3994 1047 4054 posset
1062 3989 1125 4040 Ask.
1197 3987 1316 4055 ideoque

166 4059 279 4111 tandem
292 4060 357 4110 Ask.
425 4057 609 4125 deprehensus
621 4062 734 4110 coactus
746 4065 787 4110 est
799 4057 871 4110 idern
884 4057 939 4126 pati
953 4059 1017 4110 Ask.
1089 4057 1236 4125 pressando
1251 4058 1318 4110 Ask.

166 4129 289 4196 potando
302 4144 366 4181 suos
379 4128 487 4180 Dareus
499 4127 652 4195 perimebat
664 4129 716 4180 cod.
730 4129 865 4197 Saluagnii
947 4128 1112 4196 parentusC
1157 4131 1319 4196 peremptus

167 4200 234 4252 Ask.
305 4199 338 4251 E.
350 4214 371 4251 s,
384 4205 452 4266 potu
464 4204 642 4266 consumptus
655 4200 754 4251 eodem
767 4206 809 4251 est
822 4199 874 4251 cod.
887 4199 1032 4268 Saluagnii.

203 4284 262 4335 257.
280 4268 472 4322 bellorofonG
541 4268 711 4323 stenobeaG
783 4269 914 4322 ciciditG
983 4268 1181 4336 properciusG
1249 4281 1315 4333 pro-

163 4340 286 4407 piciusG
345 4338 497 4392 bellerofon
510 4343 596 4392 nosti
609 4341 635 4392 G
701 4345 855 4392 monstrum
868 4341 890 4410 φ
905 4339 1080 4409 (Phillippious
1095 4335 1175 4406 33⁶0)
1242 4336 1315 4389 bello

204 4464 218 4497 *
235 4460 378 4509 Asteriscom
391 4460 461 4522 posui
477 4461 517 4508 ubi
526 4461 618 4522 salsum
628 4461 730 4510 scholion
741 4460 778 4509 uel
788 4469 901 4524 suspectae
908 4461 971 4523 fidei
986 4467 1052 4509 erat:
1070 4475 1149 4508 uersus
1160 4456 1316 4520 suppositicior

164 4525 282 4575 inclinatis
293 4526 376 4574 litteris
387 4527 489 4589 signavi.
