3038 5010
287 425 330 480 ar
468 432 469 435 ν
701 498 704 504 .
775 416 956 478 scuonm
1001 402 1005 409 ’

334 589 402 652 477.
444 574 641 652 Praedaque
683 575 730 633 sis
768 574 846 633 illis.
931 572 1439 635 JiosusfuitfiliusAniisacerdo-

291 660 404 719 Trasus
424 658 499 717 filius
520 658 587 715 Anii
611 656 769 716 sacerdotis
790 655 846 713 La·
886 656 923 716 tis
941 655 1060 726 Phoebi,
1082 654 1119 713 ad
1136 673 1224 732 quem
1241 673 1310 713 curn
1328 657 1441 716 ueniret

292 749 389 810 torrae,
410 739 481 797 dum
501 738 554 797 iret
575 738 733 797 accendere
753 736 845 796 lucer·
888 736 981 796 Anius
999 738 1148 813 presbyter
1162 745 1259 808 noctu,
1275 738 1443 796 inuentusa

290 840 361 880 nam
375 821 405 879 in
420 819 531 896 templo
545 830 612 879 ante
631 819 717 887 diem,
735 837 752 876 a
770 818 847 877 cani·
888 819 1008 878 canibus
1029 819 1066 876 ab
1088 819 1129 877 eis
1151 817 1323 877 dilaceratus
1341 828 1393 890 est,
1411 829 1444 877 ut

291 904 347 962 bus
362 903 518 961 deuoratus
533 911 584 973 est,
599 900 680 959 ¹uude
694 909 767 959 teste
782 898 847 959 Cal·
888 901 927 958 ait
952 899 1136 958 Callimaeus.
1181 897 1214 958 C.
1266 899 1370 958 uelut
1396 900 1443 957 alii

292 982 400 1042 limaco
421 1001 483 1041 non
505 981 621 1041 fuerunt
642 999 731 1059 canes
747 982 778 1040 in
799 980 847 1038 illo
889 982 1006 1039 dicunt:
1033 980 1152 1053 Trasus,
1168 998 1236 1038 cum
1250 990 1360 1056 peteret
1371 989 1443 1040 tem-

292 1064 411 1140 templo.
455 1062 492 1123 G.
889 1062 970 1139 plum
985 1060 1099 1120 Dianae
1114 1062 1195 1138 quod
1214 1061 1366 1121 acanthus
1381 1081 1444 1122 cus·

336 1144 478 1205 Sacerdos
498 1143 643 1222 Apollinis
662 1142 739 1202 Delii
753 1142 848 1201 Anius
889 1143 1061 1214 todiebatur,
1073 1143 1212 1219 quoniam
1226 1137 1314 1222 [ipsa]
1330 1153 1374 1201 est
1388 1144 1445 1203 dea

292 1226 355 1286 fuit.
406 1225 444 1285 ad
466 1244 553 1303 quem
575 1244 643 1284 curn
663 1226 792 1284 uenimet
811 1224 847 1283 de
889 1224 1053 1284 uenationis
1077 1234 1107 1282 et
1133 1241 1248 1296 canum,
1274 1225 1444 1284 dilaceratus

293 1317 380 1366 nocte
396 1307 470 1366 filius
485 1309 547 1366 eius
562 1307 672 1365 Trasus
692 1326 709 1365 a
728 1306 849 1364 canibus
891 1318 934 1365 est
948 1308 985 1363 ab
998 1305 1068 1381 ipsis
1083 1306 1213 1364 canibus.
1255 1323 1291 1363 ex
1306 1306 1354 1364 illo
1369 1315 1442 1364 tem-

293 1390 418 1448 laniatus
437 1397 486 1446 est
532 1388 610 1447 unde
628 1387 736 1446 Delum
754 1386 849 1445 nullus
890 1406 961 1464 pore
981 1386 1178 1446 Deloscanes
1197 1386 1372 1446 nonhabet.
1418 1386 1446 1447 C

292 1471 374 1529 canis
393 1469 505 1528 accedit
523 1478 641 1529 auctore
657 1468 848 1528 Callimacho.
887 1469 1047 1544 monitorque
1059 1467 1130 1528 orl.

292 1551 334 1622 P,
347 1557 374 1609 el
384 1552 439 1610 cod.
451 1548 608 1629 Soluogm'i
618 1569 679 1610 cum
691 1550 732 1608 ed.
747 1550 848 1609 Parin
911 1594 915 1601 .

292 1647 384 1709 1573·
1432 1677 1434 1683 ν

336 1729 405 1789 479.
425 1713 663 1790 speculantem
683 1713 777 1772 labra
793 1711 850 1771 Di·
932 1713 1099 1790 Descriptio
1127 1722 1172 1772 est
1198 1712 1357 1772 Actaeonis
1384 1713 1444 1789 qui,

292 1813 387 1855 anae.
432 1796 585 1856 Actaeona
599 1796 698 1871 tangit.
744 1793 781 1853 G.
891 1812 959 1854 cum
987 1793 1096 1854 uideret
1124 1794 1250 1854 Dianam
1279 1814 1355 1871 quae
1385 1795 1444 1854 bal—

838 1899 840 1903 ’
865 1915 868 1920 -
891 1876 997 1936 neabat
1022 1895 1053 1935 se
1077 1876 1226 1947 nudatam,
1249 1886 1376 1935 mutatus
1401 1885 1445 1935 est

892 1959 922 2016 in
947 1976 1073 2029 ceruum,
1089 1966 1118 2016 et
1139 1976 1156 2015 a
1176 1959 1301 2034 propriis
1323 1958 1444 2016 canibus

893 2039 1062 2098 dilaceratus
1081 2038 1142 2097 fuit.
1184 2040 1280 2098 labra
1300 2039 1444 2110 inferiora,

893 2138 915 2179 s.
930 2118 1211 2179 uuluam‘labratam.
1256 2120 1289 2180 C.
1387 2146 1392 2154 ·

338 2207 406 2276 480.
437 2202 574 2280 Quique
604 2200 851 2279 Crotopiaden.
934 2200 1052 2277 Apollo
1063 2202 1142 2260 uicto
1156 2202 1280 2261 Pithone
1301 2212 1445 2278 serpente,

296 2283 405 2343 Linum
420 2283 511 2342 filium
525 2283 671 2361 Apollinis
691 2301 708 2340 a
729 2282 851 2359 pastori·
893 2283 973 2341 uenit
995 2283 1032 2342 ad
1052 2283 1175 2341 domum
1196 2283 1320 2358 Crotopi
1342 2280 1388 2363 [s.
1408 2284 1446 2342 ad

291 2367 351 2433 ¹hus
375 2364 512 2424 nutritum
535 2374 563 2424 et
584 2383 602 2423 a
622 2365 743 2424 canibus
764 2363 868 2422 deuo-¹
893 2364 982 2422 liliam
1013 2365 1134 2422 nomine
1164 2361 1340 2444 Salmacern]
1370 2383 1446 2440 quae

296 2457 401 2506 ratum.
446 2445 482 2505 G.
894 2445 1014 2504 domum
1043 2445 1230 2518 custodiebat,
1256 2455 1287 2505 et
1316 2464 1384 2504 cum
1411 2465 1447 2505 ea

336 2527 498 2587 Psamatbe
509 2527 630 2605 Crotopi
640 2527 697 2586 filia
707 2526 766 2599 fuit,
777 2544 851 2602 quae
893 2528 1093 2587 concumbens
1111 2528 1210 2604 genuit
1224 2527 1315 2586 filium
1329 2527 1446 2598 Linum,

297 2610 334 2670 de
356 2609 492 2688 Apolline
511 2610 610 2680 filium,
626 2627 649 2668 s.
670 2608 785 2677 Linum,
800 2608 851 2666 ha·
894 2604 996 2690 [quem
1016 2609 1080 2684 ipsa
1099 2611 1209 2685 pastori
1229 2609 1345 2667 cuidam
1364 2627 1446 2667 com·

297 2692 368 2764 buit,
383 2708 472 2768 quem
487 2708 575 2751 canes
589 2690 787 2749 comederunt.
812 2689 849 2748 P.
893 2690 1042 2750 mendauit
1062 2690 1099 2748 ad
1119 2690 1304 2750 nutriendum
1313 2685 1336 2770 ;]
1358 2708 1446 2767 quern

888 2771 1008 2831 'incaute
1021 2772 1184 2848 depositum
1195 2771 1239 2831 sui
1250 2788 1337 2831 canes
1349 2789 1446 2830 corne-

892 2853 1004 2924 derunt,
1020 2863 1051 2910 ut
1065 2853 1092 2912 d.
1108 2854 1223 2913 Statius.
1268 2851 1334 2912 Cel
1344 2853 1414 2911 Ark.

336 2937 407 3007 48a
430 2934 557 3009 Oeagri
585 2930 829 3012 Calliopesque
859 2953 972 2994 nurus.
1014 2933 1150 2993 Euridice
1183 2953 1257 2993 uxor
1285 2933 1367 2994 Orlei
1398 2934 1447 2992 filii

301 3015 405 3092 Oeagri
434 3026 463 3075 et
487 3015 643 3092 Calliopes,
666 3017 828 3076 secundum
855 3016 926 3074 alios
954 3015 1003 3074 lilii
1027 3015 1140 3075 Phoebi
1164 3025 1193 3075 et
1215 3014 1303 3075 Calli.
1329 3015 1447 3092 fugiens

297 3099 469 3169 Aristaeum,
490 3115 508 3156 a
528 3107 662 3174 serpente
682 3116 821 3173 percussa
841 3097 952 3157 interiit.
999 3096 1036 3157 G.

340 3182 409 3254 483.
435 3179 544 3251 Quam
569 3197 653 3256 puer
679 3178 851 3257 Hypsipy·
936 3174 1038 3259 [Puer]
1080 3178 1284 3250 Archemorus,
1328 3178 1447 3254 Licurgi

298 3259 357 3321 les.
414 3260 525 3337 Tangit
551 3260 588 3319 de
615 3259 796 3320 Archemoro
824 3270 852 3320 et
892 3261 975 3333 filius,
991 3280 1008 3321 a
1026 3271 1160 3338 serpente
1177 3261 1368 3337 interemptus
1385 3259 1449 3332 est‘3

335 3405 396 3457 477.
414 3392 480 3459 Hyg.
494 3405 543 3454 ²47
559 3389 678 3443 Thasius
690 3390 763 3444 Delo
775 3390 839 3444 Anii
856 3391 1007 3445 sacerdotis
1019 3390 1151 3459 Apollinis
1169 3390 1254 3444 filius:
1273 3406 1308 3443 ex
1326 3406 1361 3443 eo
1374 3389 1447 3443 Delo

297 3463 390 3515 'nullus
408 3462 549 3514 canis-est.
585 3462 688 3516 Similia
707 3463 785 3516 Mure
797 3482 823 3520 ¹s.
837 3483 862 3516 u.
881 3461 986 3515 Trasus
1004 3461 1073 3514 filius
1089 3462 1240 3516 sacerdotis
1258 3461 1400 3528 appollinis
1419 3461 1447 3513 in

299 3532 362 3586 delo
374 3532 461 3585 insula
473 3532 508 3585 de
520 3537 604 3584 nocte
616 3531 652 3584 ad
664 3537 770 3600 patrem
781 3549 862 3585 suum
874 3533 1006 3586 accedere
1019 3533 1114 3586 uolens
1130 3549 1146 3586 a
1165 3533 1277 3586 canibus
1294 3532 1350 3601 qui·
1359 3532 1448 3599 ipsum

300 3602 492 3656 custodiebant
512 3601 675 3657 dilaceratus
696 3608 748 3656 est.
784 3604 857 3657 uude
878 3608 974 3671 postea
996 3619 1078 3657 canes
1097 3603 1197 3657 remoti
1219 3608 1292 3656 sunt.
1327 3602 1401 3655 annii
1423 3602 1446 3654 G

300 3679 397 3726 autore
411 3673 570 3727 Calimacho
582 3678 605 3726 P
617 3676 685 3728 cuius
702 3674 811 3728 scholion
827 3675 914 3728 iisdem
925 3677 986 3738 fere
1002 3675 1090 3728 uerbis-
1103 3684 1243 3744 conceptum
1255 3686 1293 3728 est
1303 3675 1392 3742 quibus
1404 3684 1447 3741 ap.

301 3744 373 3796 Solu.
386 3744 561 3798 eterlParis.
578 3758 642 3810 1573
729 3744 852 3800 R‘esusC
932 3745 1029 3800 anaiC
1056 3753 1059 3767 ²
1109 3745 1221 3799 resusC
1303 3743 1390 3797 Resus
1403 3743 1448 3795 uel

300 3819 390 3866 trasus
401 3829 465 3866 cum
476 3819 586 3882 peteret
600 3819 621 3868 t.
634 3813 729 3867 dianae
744 3817 807 3868 Ask.
840 3843 843 3848 *
872 3815 941 3885 ipsa]
956 3836 1004 3871 om.
1017 3816 1084 3870 Ask.
1154 3821 1197 3869 est
1209 3815 1244 3867 ab
1257 3815 1319 3883 ipsis
1331 3829 1355 3868 c.
1368 3813 1447 3868 dilac.

302 3899 366 3936 cum
379 3883 573 3937 nemodebeat
585 3885 689 3950 ingredi
703 3891 767 3937 aute
780 3886 853 3939 diem
866 3891 896 3939 et
909 3889 974 3940 Ask.
1044 3884 1140 3939 habuit
1154 3887 1217 3940 Ask.
1257 3911 1259 3916 ¹

339 3959 400 4019 480.
418 3955 626 4022 Amateceddpi
639 3960 663 4008 P
734 3956 830 4009 limum
841 3961 871 4011 P·
935 3957 1088 4025 phitoneC
1155 3973 1177 4010 s.
1187 3956 1222 4009 ad
1235 3955 1318 4008 liliam
1331 3954 1443 4009 nomine

302 4023 465 4094 Salmacem]
480 4045 527 4079 om.
541 4026 568 4092 C,
580 4046 612 4079 ex
624 4028 690 4079 Ask.
703 4026 814 4096 suppleui
852 4024 1159 4097 quem—nutriendum]
1173 4047 1221 4080 om.
1235 4029 1300 4080 Ask.
1371 4027 1450 4097 Mure

301 4095 377 4155 habet
397 4095 491 4165 Lynus
510 4112 595 4163 nepos
615 4097 751 4164 crothopii
772 4098 843 4164 regis
859 4097 1016 4164 argiourum
1036 4096 1095 4167 (sic)
1114 4115 1137 4151 a
1151 4102 1240 4150 matre
1257 4095 1367 4165 propria
1385 4097 1450 4165 quia

302 4166 410 4234 appollo
421 4171 595 4234 stuprauerat
607 4169 709 4235 pastori
721 4169 817 4221 missus
828 4169 863 4221 ad
874 4168 1013 4222 allendum
1024 4185 1040 4222 a
1052 4167 1163 4222 canibus
1174 4167 1324 4222 dilaceatur
1338 4166 1407 4236 (sic).
1434 4176 1437 4181 '

340 4242 401 4301 482.
420 4238 567 4303 eenagriG
626 4241 686 4292 s.G
744 4238 839 4293 febiG
901 4240 999 4294 caliG
1063 4238 1121 4308 filii]
1136 4239 1241 4293 filiusG
1297 4238 1412 4307 Apollod.
1426 4241 1448 4293 1.
1509 4255 1512 4260 ·

306 4325 329 4373 3.
346 4325 358 4359 2
373 4310 523 4374 Καλλιόπης
534 4309 574 4362 καὶ
588 4309 701 4379 Οἰάγρου
713 4310 768 4363 κατ’
781 4309 918 4378 ἐπίκλησιν
930 4310 959 4363 δὲ
970 4307 1135 4365 ’Λπόλλωνος
1147 4312 1223 4364 Αἶνος
1235 4309 1277 4361 καὶ
1287 4306 1409 4378 Ὀρφεύς.

340 4384 401 4444 483.
421 4383 518 4431 terone
533 4381 556 4432 G
616 4382 695 4449 Apud
704 4382 820 4434 Seruium
832 4382 870 4434 od
879 4383 944 4434 Aen.
958 4383 995 4432 ΙΙ.
1011 4398 1058 4433 arr
1064 4379 1137 4447 filios
1151 4381 1296 4433 Laocoontis
1309 4380 1449 4433 Ethronem

304 4461 329 4503 et
341 4451 503 4505 Melanthum
520 4451 690 4514 Thessandrus
708 4452 769 4505 dicit
786 4452 828 4504 ubi
845 4451 1007 4505 Theronem
1025 4452 1141 4505 conicias.
1160 4454 1193 4518 cf.
1211 4455 1300 4504 ffzetz.
1317 4451 1399 4504 Schol.
1413 4451 1451 4504 ad

303 4521 364 4590 Lyc.
380 4538 429 4588 344
442 4521 577 4578 δοάκοντες
588 4523 633 4575 τὸν
644 4521 723 4577 παῖδα
735 4524 780 4576 τοῦ
791 4523 949 4577 Λαοκόοντοε
961 4521 1063 4576 ἀνεῖλον
1075 4559 1083 4576 .
1097 4561 1103 4575 .
1160 4519 1198 4576 ὅτι
1211 4521 1246 4591 τῷ
1260 4521 1348 4591 δόρατι
1358 4523 1449 4578 βαλεῖν
