3038 5010
607 377 953 438 COMMENTARIVS.
1276 389 1332 445 149

182 537 347 603 traduceret,
356 536 387 588 in
392 535 539 606 gurgitem
551 535 649 605 lapsus
660 535 746 599 obeit;
758 536 832 589 unde
843 543 870 589 et
871 536 989 604 fluuius
997 536 1157 606 appellatus
1164 532 1206 591 est
1217 539 1332 595 Tiberis.

185 608 270 660 Hanc
282 606 430 660 historiam
444 605 598 659 tradiderat
609 608 638 659 L.
652 605 773 673 Cincius,
787 616 859 661 teste
873 623 907 660 eo
920 606 967 675 qui
981 606 1092 676 scripsit
1105 608 1141 662 de
1155 608 1231 677 Orig.
1247 611 1331 664 Gent.

183 677 267 731 Rom.
284 678 322 730 18.
351 678 419 730 Met.
440 676 494 730 xiv.
515 677 567 742 614
586 678 715 746 Regnum
738 677 765 729 T
761 677 887 730 iberinus
906 677 939 729 ab
960 678 1224 748 uincentium
1248 680 1276 732 T
1273 682 1335 733 usci

182 747 323 800 demersus
325 746 462 814 fluminis
474 747 559 799 undis
572 748 700 799 Nomen
719 746 798 800 fecit
818 748 933 816 aquae.
1017 750 1083 800 515.
1102 752 1333 814 Astacidaeque

182 821 276 871 modo
295 818 398 870 defixa
415 820 569 870 cadauera
588 821 690 871 sunto.
728 816 775 869 Sic
787 833 900 871 uersum
913 834 948 870 ex
962 819 1045 871 Conr.
1059 818 1094 871 de
1110 820 1191 872 Mure
1204 819 1312 874 restitui
1325 840 1332 885 ;

183 886 248 940 uide
258 904 304 940 me
314 886 343 939 in
353 885 484 956 Journal
491 885 730 956 afPieilalogyvii.
740 899 832 955 p.250.
850 887 964 955 Tydeus
975 888 1165 956 pugnantibus
1176 900 1284 958 septem
1295 891 1333 944 ad

184 957 300 1010 Thebas
313 974 377 1010 cum
390 974 408 1010 a
422 956 587 1026 Menalippo
600 956 697 1011 Astaci
715 957 772 1010 filio
785 959 947 1010 uulneratus
960 974 1051 1025 paene
1065 959 1102 1011 ad
1114 968 1234 1013 mortem
1248 971 1331 1028 esset,
1423 1003 1427 1013 .

183 1026 265 1107 eique
278 1028 391 1081 Athena
404 1027 643 1081 medicamentum
658 1027 741 1081 ferret
755 1044 789 1080 ex
802 1044 858 1096 quo
871 1027 1036 1081 immortalis
1050 1028 1156 1082 futurus
1176 1039 1251 1084 esset
1264 1031 1332 1083 Am-

182 1098 324 1166 phraraus,
347 1107 430 1166 caput
453 1096 609 1166 Menalippi
631 1097 773 1151 abscisum
796 1098 903 1166 Tydeo,
926 1114 1010 1167 quem
1033 1098 1139 1167 oderat,
1162 1100 1331 1169 adportauit.

184 1169 213 1220 Is
227 1168 373 1220 cerebrum
390 1167 532 1221 exsorbuit
546 1188 553 1233 ;
579 1168 655 1236 quod
674 1167 710 1220 ob
727 1167 836 1221 facinus
851 1177 982 1222 auersata
1000 1185 1065 1222 eum
1077 1170 1192 1223 Athena
1204 1171 1332 1224 uoniam

182 1254 268 1306 passa
280 1247 322 1292 est
335 1237 439 1292 uiuere.
463 1237 595 1306 Apollod.
605 1236 643 1292 iii.
653 1237 677 1291 6.
690 1238 714 1291 8.
737 1238 808 1292 Stat.
819 1239 872 1291 Th.
880 1237 936 1293 viii.
945 1250 996 1305 753
1010 1244 1043 1291 ut
1053 1240 1245 1309 singultantia
1257 1242 1335 1295 utilit

184 1308 244 1361 Ora
267 1307 399 1377 trahique
421 1310 513 1361 aculus
533 1324 642 1377 seseque
661 1310 781 1377 agnouit
804 1309 835 1361 in
856 1308 915 1376 illa,
934 1309 1062 1378 Imperat
1080 1310 1216 1363 abscisum
1236 1312 1332 1381 purge,

181 1379 317 1447 laeuaque
328 1382 467 1448 receptum
480 1379 504 1432 S
499 1383 594 1449 pectet
610 1383 696 1431 atrox
704 1377 803 1433 hostile
814 1382 906 1447 caput,
915 1378 1066 1448 gliscitque
1078 1382 1195 1448 tepentis
1206 1381 1333 1434 Lumina

181 1453 267 1501 torua
278 1449 378 1502 uidens
388 1455 416 1502 et
429 1448 521 1502 adnue
534 1449 694 1502 dubitantia
701 1449 768 1517 figi.
806 1448 882 1501 Hinc
897 1449 962 1516 Lyc.
976 1448 1043 1501 1066
1056 1451 1204 1517 κρατόβρως
1217 1451 1332 1519 Tydeus

182 1517 460 1587 dicitur(Saluagn.).
496 1521 606 1572 defixa.
630 1520 739 1587 Corpus
748 1519 832 1573 hasta
841 1519 878 1572 ad
888 1528 992 1573 terram
1002 1519 1124 1572 defixum
1134 1519 1255 1589 fingitur,
1264 1521 1331 1574 dum

182 1597 266 1657 caput
282 1588 424 1642 abscisum
440 1599 523 1643 esset.
595 1592 750 1643 cadauera
762 1589 797 1642 de
810 1589 892 1642 unius
906 1588 1052 1656 cadauere,
1065 1599 1095 1644 ut
1109 1606 1193 1659 supra
1205 1595 1331 1660 corpora.

183 1661 290 1726 Sunio,
302 1661 384 1712 Neue
394 1660 536 1714 Formenl.
546 1657 573 1714 ii.
586 1676 612 1728 p.
623 1659 692 1727 364:
710 1658 750 1712 sic
762 1660 837 1712 dz'cta
850 1666 906 1712 estu
919 1661 960 1711 M.
969 1658 1005 1713 vi.
1017 1661 1074 1727 138,
1088 1665 1170 1713 estete
1182 1664 1278 1732 rogati
1290 1663 1331 1716 M.

182 1726 217 1782 iv.
234 1741 290 1797 154
329 1729 413 1797 Quod
427 1729 580 1783 Merkelius
594 1739 621 1784 et
634 1729 746 1783 Riesius
760 1729 892 1783 exhibent
905 1730 996 1783 decisa
1008 1731 1142 1783 cadauere
1153 1737 1254 1784 trunco
1267 1731 1331 1785 ideo

181 1815 239 1852 non
257 1799 346 1868 probo
360 1797 398 1868 (1)
413 1800 489 1868 quod
501 1799 530 1852 in
543 1801 620 1854 nullo
635 1800 711 1853 bono
728 1799 865 1868 reperitur
879 1799 985 1868 codice,
1000 1799 1039 1868 (2)
1054 1800 1130 1869 quod
1145 1800 1215 1855 mire
1230 1801 1332 1856 dicitur

181 1885 242 1922 esca
253 1870 345 1922 deceta
356 1870 491 1923 cadauere
504 1869 586 1938 ‘may
597 1887 668 1939 your
685 1870 760 1923 head
776 1870 812 1923 be
824 1870 873 1923 the
887 1870 955 1923 t'ood
971 1869 1002 1922 of
1018 1887 1035 1923 a
1053 1870 1159 1924 human
1177 1871 1270 1941 being,
1285 1881 1331 1926 cut

183 1955 264 2007 away
276 1939 350 1992 from
369 1940 417 1993 the
436 1939 584 1995 mutilated
602 1957 724 2007 carcase,
737 1957 755 1993 a
767 1940 834 1993 food
846 1940 917 1993 such
929 1957 961 1993 as
975 1939 1039 1993 wild
1056 1940 1152 1994 beasts
1165 1940 1255 2009 might
1269 1944 1332 2009 eat,'

182 2025 267 2078 aquo
281 2019 365 2078 caput
377 2009 470 2079 potius
483 2010 688 2064 abscidendum
701 2020 769 2065 erat.
795 2012 841 2064 De
853 2027 884 2064 re
897 2010 932 2065 cf.
942 2012 1010 2064 Tac.
1022 2010 1098 2065 Hist.
1108 2010 1144 2065 iv.
1153 2026 1187 2078 42
1201 2012 1334 2065 Occurrit

181 2081 260 2133 truci
268 2083 394 2134 oratione
407 2081 525 2134 Curtius
536 2082 702 2148 Montanus,
715 2098 744 2133 ea
757 2097 844 2149 usque
850 2084 1019 2150 progressus
1030 2085 1082 2135 ut.
1097 2122 1103 2135 .
1117 2122 1122 2134 .
1136 2081 1233 2135 datam
1245 2084 1332 2135 inter-

172 2151 281 2219 fectori
302 2152 417 2204 Prianis
434 2153 586 2220 pecuniam
610 2170 628 2205 a
649 2152 757 2221 Regulo
780 2150 1037 2220 adpetitumque
1062 2167 1171 2205 morsu
1197 2151 1331 2206 Pisonis

182 2230 281 2289 caput
294 2221 446 2275 attentaret.
471 2222 533 2275 Val.
548 2223 624 2276 Max.
635 2221 673 2275 iii.
683 2236 708 2275 2.
722 2236 750 2275 11
765 2222 901 2275 Eiusdem
914 2223 1047 2290 temporis
1058 2227 1086 2275 et
1096 2227 1178 2275 natae
1189 2223 1288 2277 miles.
1303 2264 1309 2277 .
1323 2265 1329 2278 .

181 2307 244 2344 cum
263 2292 304 2344 aa'
317 2292 463 2345 retinenda
481 2309 563 2344 arma
580 2292 697 2345 inutiles
717 2292 884 2345 uulneribus
902 2308 1004 2343 manus
1024 2291 1142 2360 liaberet,
1161 2293 1284 2362 spoliare
1303 2310 1332 2346 se

181 2364 308 2415 cenantis
319 2363 463 2415 Numidae
474 2364 606 2415 ceruicem
624 2363 783 2432 complexus
800 2379 830 2415 es
845 2362 963 2415 naribus
980 2368 1007 2415 et
1023 2363 1139 2416 uun'bus
1154 2365 1273 2416 corruis
1287 2365 1331 2416 de·

172 2431 405 2501 formereddidit,
413 2433 498 2501 inque
500 2433 1044 2502 plenaeultiunirmorsibnserspe'rauit.
1081 2435 1208 2495 elzate
1220 2432 1332 2488 uidetur

181 2511 257 2556 recte
270 2501 468 2571 interpretatus
480 2503 643 2572 Leopardus
656 2503 808 2557 Emendat.
816 2502 834 2556 i.
848 2518 880 2555 10
891 2502 928 2556 de
942 2501 1062 2556 Biothea
1073 2502 1187 2570 (Athen.
1196 2504 1259 2572 349)
1270 2503 1330 2558 siue

181 2571 328 2640 Axiothea,
336 2589 422 2626 uxore
432 2572 628 2626 Nicocreontis
637 2572 910 2640 siueNicotheontis,
918 2572 1102 2642 regisCyprii.
1122 2576 1224 2643 Neque
1234 2584 1330 2628 tamen

181 2659 279 2695 uerum
288 2652 381 2711 potest
389 2660 452 2696 esse
461 2643 537 2712 quod
546 2642 1098 2723 scribebatLeopardusBiatltean,quam
1107 2643 1245 2712 synizesin
1253 2646 1330 2698 nullo

181 2712 267 2765 modo
280 2712 453 2766 admissurus
466 2723 526 2767 erat
545 2713 633 2767 Ibidis
646 2713 780 2783 scriptor:
800 2713 852 2767 sed
861 2712 1000 2767 sztnean
1013 2714 1109 2782 lingua
1122 2714 1288 2782 Cypriorum
1301 2715 1330 2768 in

181 2782 325 2837 Brothean
337 2784 383 2837 uel
395 2785 520 2837 Brotean
532 2783 644 2838 uidetur
656 2783 822 2853 corrupisse,
835 2783 1075 2852 quemadmodum
1090 2783 1199 2852 Cypriis
1212 2784 1332 2853 epipedos

181 2863 241 2906 erat
262 2853 339 2922 quod
360 2853 477 2907 Graecis
498 2854 644 2924 τερέβινθος
663 2854 771 2923 (Steph.
792 2855 823 2907 B.
844 2871 902 2908 su.
921 2853 1069 2922 Τρεμιθοῦς,
1092 2854 1187 2908 Schol.
1207 2854 1329 2910 Nicand.

182 2924 265 2977 Ther.
286 2921 358 2992 844),
377 2922 487 2993 ὀθρὶζειν
506 2923 523 2979 i.
534 2941 560 2994 q.
579 2925 690 2994 αὐρίζειν
709 2924 869 2993 (Hesychi.
907 2922 996 2978 Simili
1019 2923 1212 2977 contractione
1230 2927 1330 2992 Tyana

182 2993 276 3061 Dana,
289 2993 419 3048 Triocala
432 2993 544 3048 Tricala
556 2995 750 3049 uocabantur:
769 2995 820 3048 sed
837 3012 871 3048 ex
888 3011 966 3047 mero
985 2993 1094 3046 scribae
1113 3010 1206 3047 errore
1218 2993 1330 3048 uidetur

180 3065 321 3119 Braciden
341 3081 393 3134 pro
410 3066 546 3119 Biacziten
564 3065 688 3134 positum
705 3065 791 3119 fuisse
812 3067 886 3150 Hyg.
907 3066 937 3118 P.
956 3065 989 3117 A.
1005 3063 1032 3118 ii.
1046 3078 1087 3131 20,
1107 3063 1154 3117 ubi
1174 3063 1329 3118 Bursianus

100 3157 102 3161 ·
181 3134 254 3189 coni.
272 3135 402 3203 Laeiicen,
421 3134 468 3192 uix
487 3135 555 3190 satis
574 3135 765 3205 probabiliter.
803 3134 850 3188 Sic
876 3135 1018 3201 qudvror
1031 3133 1149 3187 Homeri
1165 3135 1195 3187 ll.
1209 3133 1264 3187 xiv.
1276 3148 1326 3203 451

180 3201 333 3274 ’Apydtvror
345 3215 388 3259 est
402 3205 529 3259 Diodoro
542 3206 577 3260 iv.
591 3207 634 3272 67.
672 3208 754 3260 Certe
772 3222 830 3258 non
849 3215 909 3259 erat
927 3220 976 3258 cur
993 3203 1022 3257 in
1036 3203 1187 3258 Machonis
1200 3204 1328 3259 uersibus

182 3275 296 3344 (Athen.
310 3275 373 3344 349)
391 3275 483 3328 Βιοθέα
501 3275 637 3330 eiceretur
649 3293 667 3330 a
679 3275 867 3344 Wesselingio
883 3275 920 3330 ad
940 3274 1023 3328 Diod.
1038 3293 1081 3328 xx.
1095 3289 1125 3327 21
1142 3284 1170 3328 et
1184 3274 1329 3329 Meinekio

181 3344 210 3398 in
230 3347 311 3400 Anal.
334 3345 427 3401 Critic.
450 3346 488 3400 ad
509 3347 611 3401 Athen.
633 3348 649 3400 l.
664 3363 688 3400 c.
725 3349 797 3401 Rern
817 3355 931 3400 narrant
954 3344 1040 3399 Diod.
1062 3363 1105 3398 xx.
1127 3360 1169 3412 21,
1195 3346 1328 3414 Polyaen.

181 3414 236 3469 viii.
249 3417 293 3481 48.
331 3418 402 3471 Cum
423 3416 555 3470 Nicocles
574 3416 634 3470 siue
654 3416 844 3484 Nicocreon*,
857 3427 885 3470 et
900 3417 985 3470 frater
1001 3415 1060 3470 eius
1079 3415 1156 3468 iussu
1173 3415 1327 3469 Ptolemaei

180 3485 264 3554 primi
277 3503 340 3540 sese
353 3486 566 3555 interfecissent,
580 3487 721 3542 Axiothea
733 3487 896 3541 conuocatis
908 3487 1009 3539 horum
1021 3485 1163 3539 sororibus
1180 3484 1328 3539 matribus-

181 3572 236 3625 que
249 3573 283 3610 ac
304 3556 470 3626 coniugibus
483 3568 581 3611 auctor
597 3557 648 3612 fuit
667 3567 697 3612 ut
717 3574 813 3611 secum
832 3567 1006 3611 morerentur
1024 3555 1116 3624 potius
1136 3572 1221 3624 quarn
1240 3555 1328 3610 uitam

182 3626 345 3681 Ptolemaeo
358 3637 504 3709 acceptam
521 3628 664 3682 referrent.
703 3630 802 3697 Itaque
815 3627 917 3682 clausis
930 3626 1036 3680 foribus
1055 3625 1083 3679 in
1102 3635 1177 3680 tecta
1194 3626 1328 3680 ascende·

181 3696 269 3763 bant;
288 3698 354 3752 dein
366 3698 410 3751 his
424 3697 554 3766 rncensis,
568 3716 631 3753 sese
650 3698 679 3751 in
698 3698 793 3768 ignem
805 3698 1002 3751 coniciebant:
1022 3696 1176 3750 nouissime
1188 3697 1329 3752 Axiothea

181 3777 332 3837 postquam
353 3767 448 3837 gladio
470 3768 595 3838 iugulum
616 3769 799 3838 transegisset
823 3768 852 3821 in
874 3769 1003 3822 flammas
1027 3783 1163 3836 praeceps
1184 3767 1252 3821 data
1276 3777 1327 3823 est.

214 3891 229 3924 *
246 3890 396 3936 ‘Notandum
407 3889 446 3936 hic
453 3898 486 3936 est
494 3889 674 3936 Nicocreontem
683 3889 782 3937 eundem
793 3904 840 3936 esse
849 3903 902 3935 cum
913 3887 1015 3941 Nicocle,
1027 3901 1095 3947 quem
1108 3887 1206 3935 eundem
1218 3887 1328 3951 Origenes

181 3964 260 4002 contra
276 3955 369 4002 Celsum
382 3954 432 4014 (vii.
447 3955 490 4016 54)
503 3957 699 4001 Aristocreontem
716 3963 792 4003 uocat.
828 3955 952 4000 Testautur
969 3953 1014 3999 hoc
1031 3952 1163 3999 Athenaeus
1177 3961 1200 3999 et
1213 3953 1328 4001 Diodorus

181 4020 273 4069 Siculus.
306 4021 370 4065 Nam
381 4034 452 4080 quum
464 4020 500 4066 hic
513 4020 616 4066 Machon
626 4020 722 4080 (Athen.
733 4033 780 4082 349
790 4020 806 4066 f.
818 4018 844 4066 ἓν
855 4019 890 4078 τῷ
902 4015 1003 4080 πελάγει
1016 4015 1110 4065 διέλυσε
1122 4015 1168 4076 τὴν
1179 4014 1328 4078 antiquior)

180 4087 264 4132 scribat
280 4084 433 4131 Stratonicum
455 4086 555 4131 occisum
575 4100 588 4130 a
606 4085 767 4138 Nicocreonte,
786 4100 839 4131 eum
859 4083 958 4131 Phanias
979 4083 1074 4144 (Athen.
1093 4095 1138 4143 352
1152 4082 1184 4144 c.)
1203 4098 1216 4128 a
1232 4083 1329 4130 Nicocle

181 4151 327 4197 interfectum
346 4158 380 4196 est
402 4159 489 4197 auctor.
523 4151 609 4196 Rursus
624 4164 693 4210 quem
709 4150 823 4196 Diodorus
841 4151 926 4197 Siculus
944 4149 1066 4195 Nicoclem
1086 4156 1165 4203 uocat,
1181 4147 1242 4193 hunc
1259 4149 1329 4208 isqui

180 4215 278 4262 indicem
289 4217 405 4262 Graecum
421 4215 444 4261 in
459 4230 513 4262 eum
528 4216 606 4273 edidit,
624 4216 801 4263 Nicocreontem
817 4212 938 4262 nominat!
972 4213 1102 4273 Leopardus
1115 4214 1129 4260 l.
1139 4229 1168 4268 c.‚
1180 4214 1216 4258 cui
1228 4211 1329 4271 adstipu-

180 4281 239 4327 latur
250 4281 410 4343 Wesselingius
421 4281 450 4326 ad
462 4282 531 4330 Diod.
541 4295 581 4330 xx.
594 4293 621 4327 21
634 4297 640 4328 :
655 4295 697 4327 uec
712 4282 813 4326 multum
832 4294 909 4326 moror
925 4281 1070 4339 Droysenutu
1085 4278 1205 4324 Nicoclem
1216 4276 1329 4334 Paphium

180 4361 193 4393 a
209 4347 363 4393 Nicocreonte
380 4360 448 4406 quem
466 4346 583 4393 Salaminis
601 4361 678 4410 regem
698 4346 752 4392 iecit
771 4346 916 4391 Ptolemaeus
933 4345 1112 4406 distinguentem
1129 4343 1293 4402 (Hellenismus
1309 4341 1326 4388 i.

179 4427 202 4473 p.
215 4424 264 4474 404
275 4411 336 4470 not.)
353 4426 407 4458 cum
426 4411 464 4457 hic
479 4411 526 4472 ipse
543 4412 642 4459 fateatur
657 4426 716 4471 quae
733 4411 761 4457 de
772 4410 868 4456 Nicocle
886 4418 910 4456 et
929 4409 1043 4456 Axiothea
1064 4416 1182 4454 narrentur
1200 4406 1288 4465 optime
1304 4406 1328 4451 in

179 4477 357 4525 Nicocreontem
368 4477 456 4524 cadere.
