<?xml version="1.0" encoding="UTF-8"?>
<!DOCTYPE html PUBLIC "-//W3C//DTD XHTML 1.0 Transitional//EN"
    "http://www.w3.org/TR/xhtml1/DTD/xhtml1-transitional.dtd">
<html xmlns="http://www.w3.org/1999/xhtml" xml:lang="en" lang="en">
 <head>
  <title>
</title>
<meta http-equiv="Content-Type" content="text/html;charset=utf-8" />
  <meta name='ocr-system' content='tesseract 3.04.00' />
  <meta name='ocr-capabilities' content='ocr_page ocr_carea ocr_par ocr_line ocrx_word'/>
</head>
<body>
  <div class='ocr_page' id='page_1' title='image "./povidiinasonisi00elligoog_0110.png"; bbox 0 0 3038 5010; ppageno 0'>
   <div class='ocr_carea' id='block_1_1' title="bbox 664 397 1323 465">
    <p class='ocr_par' dir='ltr' id='par_1_1' title="bbox 664 397 1323 465">
     <span class='ocr_line' id='line_1_1' title="bbox 664 397 1323 465; baseline 0.011 -10"><span class='ocrx_word' id='word_1_1' title='bbox 664 397 708 456; x_wconf 91' lang='lat' dir='ltr'>IN</span> <span class='ocrx_word' id='word_1_2' title='bbox 737 397 833 456; x_wconf 89' lang='lat' dir='ltr'>IBIN.</span> <span class='ocrx_word' id='word_1_3' title='bbox 982 441 983 444; x_wconf 17' lang='grc' dir='ltr'>η</span> <span class='ocrx_word' id='word_1_4' title='bbox 1284 406 1323 465; x_wconf 81' lang='grc'>45,</span> 
     </span>
    </p>
   </div>
   <div class='ocr_carea' id='block_1_2' title="bbox 173 555 1323 632">
    <p class='ocr_par' dir='ltr' id='par_1_2' title="bbox 173 555 1323 632">
     <span class='ocr_line' id='line_1_2' title="bbox 173 555 1323 632; baseline 0.001 -19"><span class='ocrx_word' id='word_1_5' title='bbox 173 555 286 631; x_wconf 91' lang='lat' dir='ltr'>positus</span> <span class='ocrx_word' id='word_1_6' title='bbox 301 555 388 615; x_wconf 89' lang='lat' dir='ltr'>estin</span> <span class='ocrx_word' id='word_1_7' title='bbox 403 555 466 632; x_wconf 87' lang='lat' dir='ltr'>pira</span> <span class='ocrx_word' id='word_1_8' title='bbox 482 565 514 613; x_wconf 88' lang='lat' dir='ltr'>ut</span> <span class='ocrx_word' id='word_1_9' title='bbox 532 557 757 615; x_wconf 88' lang='lat' dir='ltr'>combureretur.</span> <span class='ocrx_word' id='word_1_10' title='bbox 802 555 861 613; x_wconf 86' lang='lat' dir='ltr'>Sed</span> <span class='ocrx_word' id='word_1_11' title='bbox 878 574 916 614; x_wconf 92' lang='lat' dir='ltr'>ne</span> <span class='ocrx_word' id='word_1_12' title='bbox 934 566 1018 615; x_wconf 92' lang='lat' dir='ltr'>uetus</span> <span class='ocrx_word' id='word_1_13' title='bbox 1039 557 1112 616; x_wconf 88' lang='lat' dir='ltr'>liuor</span> <span class='ocrx_word' id='word_1_14' title='bbox 1130 556 1323 616; x_wconf 86' lang='lat' dir='ltr'>occultaretur</span> 
     </span>
    </p>
   </div>
   <div class='ocr_carea' id='block_1_3' title="bbox 66 637 857 713">
    <p class='ocr_par' dir='ltr' id='par_1_3' title="bbox 66 637 857 713">
     <span class='ocr_line' id='line_1_3' title="bbox 66 637 857 713; baseline 0.008 -24"><span class='ocrx_word' id='word_1_15' title='bbox 66 681 69 689; x_wconf 91' lang='lat'>.</span> <span class='ocrx_word' id='word_1_16' title='bbox 174 637 294 694; x_wconf 88' lang='lat' dir='ltr'>flamma</span> <span class='ocrx_word' id='word_1_17' title='bbox 307 655 366 694; x_wconf 90' lang='lat' dir='ltr'>una</span> <span class='ocrx_word' id='word_1_18' title='bbox 381 655 412 695; x_wconf 91' lang='lat' dir='ltr'>se</span> <span class='ocrx_word' id='word_1_19' title='bbox 427 638 523 695; x_wconf 91' lang='lat' dir='ltr'>diuisit</span> <span class='ocrx_word' id='word_1_20' title='bbox 537 638 567 694; x_wconf 93' lang='lat' dir='ltr'>in</span> <span class='ocrx_word' id='word_1_21' title='bbox 582 638 654 695; x_wconf 91' lang='lat' dir='ltr'>duas</span> <span class='ocrx_word' id='word_1_22' title='bbox 668 648 774 713; x_wconf 90' lang='lat' dir='ltr'>partes.</span> <span class='ocrx_word' id='word_1_23' title='bbox 817 638 857 695; x_wconf 89' lang='lat' dir='ltr'>P.</span> 
     </span>
    </p>
   </div>
   <div class='ocr_carea' id='block_1_4' title="bbox 173 717 1327 3884">
    <p class='ocr_par' dir='ltr' id='par_1_4' title="bbox 173 717 1323 958">
     <span class='ocr_line' id='line_1_4' title="bbox 216 717 1323 794; baseline 0.003 -19"><span class='ocrx_word' id='word_1_24' title='bbox 216 717 376 777; x_wconf 82' lang='lat' dir='ltr'>Historiam</span> <span class='ocrx_word' id='word_1_25' title='bbox 393 720 483 794; x_wconf 92' lang='lat' dir='ltr'>tangit</span> <span class='ocrx_word' id='word_1_26' title='bbox 498 719 534 777; x_wconf 96' lang='lat' dir='ltr'>de</span> <span class='ocrx_word' id='word_1_27' title='bbox 549 718 669 777; x_wconf 87' lang='lat' dir='ltr'>Eteocle</span> <span class='ocrx_word' id='word_1_28' title='bbox 684 729 712 776; x_wconf 91' lang='lat' dir='ltr'>et</span> <span class='ocrx_word' id='word_1_29' title='bbox 726 718 882 794; x_wconf 85' lang='lat' dir='ltr'>Polynice:</span> <span class='ocrx_word' id='word_1_30' title='bbox 905 738 1002 794; x_wconf 81' lang='lat' dir='ltr'>quam</span> <span class='ocrx_word' id='word_1_31' title='bbox 1020 720 1209 778; x_wconf 86' lang='lat' dir='ltr'>concordiam</span> <span class='ocrx_word' id='word_1_32' title='bbox 1227 730 1323 778; x_wconf 92' lang='lat' dir='ltr'>uetus</span> 
     </span>
     <span class='ocr_line' id='line_1_5' title="bbox 174 799 1323 876; baseline 0.001 -19"><span class='ocrx_word' id='word_1_33' title='bbox 174 799 223 857; x_wconf 87' lang='lat' dir='ltr'>ira</span> <span class='ocrx_word' id='word_1_34' title='bbox 243 810 377 874; x_wconf 89' lang='lat' dir='ltr'>separat</span> <span class='ocrx_word' id='word_1_35' title='bbox 397 802 469 876; x_wconf 87' lang='lat' dir='ltr'>pira</span> <span class='ocrx_word' id='word_1_36' title='bbox 489 817 630 858; x_wconf 92' lang='lat' dir='ltr'>accensa</span> <span class='ocrx_word' id='word_1_37' title='bbox 649 801 668 857; x_wconf 95' lang='lat' dir='ltr'>i.</span> <span class='ocrx_word' id='word_1_38' title='bbox 682 800 712 856; x_wconf 92' lang='lat' dir='ltr'>in</span> <span class='ocrx_word' id='word_1_39' title='bbox 727 819 813 874; x_wconf 84' lang='lat' dir='ltr'>rogo,</span> <span class='ocrx_word' id='word_1_40' title='bbox 828 801 895 876; x_wconf 91' lang='lat' dir='ltr'>quia</span> <span class='ocrx_word' id='word_1_41' title='bbox 913 801 986 860; x_wconf 91' lang='lat' dir='ltr'>sicut</span> <span class='ocrx_word' id='word_1_42' title='bbox 1003 802 1057 859; x_wconf 91' lang='lat' dir='ltr'>uiri</span> <span class='ocrx_word' id='word_1_43' title='bbox 1077 801 1323 872; x_wconf 89' lang='lat' dir='ltr'>discordauerunt‚</span> 
     </span>
     <span class='ocr_line' id='line_1_6' title="bbox 173 879 929 958; baseline 0.003 -19"><span class='ocrx_word' id='word_1_44' title='bbox 173 881 214 939; x_wconf 92' lang='lat' dir='ltr'>ita</span> <span class='ocrx_word' id='word_1_45' title='bbox 228 879 347 938; x_wconf 89' lang='lat' dir='ltr'>flamma</span> <span class='ocrx_word' id='word_1_46' title='bbox 360 900 462 939; x_wconf 86' lang='lat' dir='ltr'>eorum</span> <span class='ocrx_word' id='word_1_47' title='bbox 476 881 587 939; x_wconf 92' lang='lat' dir='ltr'>discors</span> <span class='ocrx_word' id='word_1_48' title='bbox 602 889 631 938; x_wconf 93' lang='lat' dir='ltr'>et</span> <span class='ocrx_word' id='word_1_49' title='bbox 645 891 776 958; x_wconf 87' lang='lat' dir='ltr'>separata</span> <span class='ocrx_word' id='word_1_50' title='bbox 792 881 852 939; x_wconf 84' lang='lat' dir='ltr'>luit.</span> <span class='ocrx_word' id='word_1_51' title='bbox 897 880 929 941; x_wconf 90' lang='lat' dir='ltr'>C.</span> 
     </span>
    </p>

    <p class='ocr_par' dir='ltr' id='par_1_5' title="bbox 174 962 1326 1362">
     <span class='ocr_line' id='line_1_7' title="bbox 216 962 1326 1039; baseline 0 -19"><span class='ocrx_word' id='word_1_52' title='bbox 216 974 264 1035; x_wconf 87' lang='lat'>47.</span> <span class='ocrx_word' id='word_1_53' title='bbox 289 962 399 1037; x_wconf 90' lang='lat' dir='ltr'>thue</span> <span class='ocrx_word' id='word_1_54' title='bbox 428 968 512 1039; x_wconf 91' lang='lat' dir='ltr'>petit</span> <span class='ocrx_word' id='word_1_55' title='bbox 538 964 653 1038; x_wconf 93' lang='lat' dir='ltr'>primo.</span> <span class='ocrx_word' id='word_1_56' title='bbox 706 963 790 1021; x_wconf 68' lang='lat' dir='ltr'>Facit,</span> <span class='ocrx_word' id='word_1_57' title='bbox 811 963 970 1038; x_wconf 88' lang='lat' dir='ltr'>quamdam·</span> <span class='ocrx_word' id='word_1_58' title='bbox 997 962 1216 1021; x_wconf 88' lang='lat' dir='ltr'>similitudinem</span> <span class='ocrx_word' id='word_1_59' title='bbox 1239 963 1326 1039; x_wconf 88' lang='lat' dir='ltr'>quasi·</span> 
     </span>
     <span class='ocr_line' id='line_1_8' title="bbox 175 1043 1325 1119; baseline -0.001 -17"><span class='ocrx_word' id='word_1_60' title='bbox 175 1043 283 1102; x_wconf 89' lang='lat' dir='ltr'>diceret</span> <span class='ocrx_word' id='word_1_61' title='bbox 305 1043 385 1102; x_wconf 90' lang='lat' dir='ltr'>Sicut</span> <span class='ocrx_word' id='word_1_62' title='bbox 404 1044 450 1101; x_wconf 94' lang='lat' dir='ltr'>ille</span> <span class='ocrx_word' id='word_1_63' title='bbox 471 1044 519 1119; x_wconf 92' lang='lat' dir='ltr'>qui</span> <span class='ocrx_word' id='word_1_64' title='bbox 538 1044 644 1119; x_wconf 85' lang='lat' dir='ltr'>alonge</span> <span class='ocrx_word' id='word_1_65' title='bbox 663 1044 800 1102; x_wconf 91' lang='lat' dir='ltr'>iaculatur</span> <span class='ocrx_word' id='word_1_66' title='bbox 818 1045 933 1103; x_wconf 90' lang='lat' dir='ltr'>hostem</span> <span class='ocrx_word' id='word_1_67' title='bbox 953 1062 1039 1103; x_wconf 91' lang='lat' dir='ltr'>suum</span> <span class='ocrx_word' id='word_1_68' title='bbox 1057 1063 1111 1103; x_wconf 91' lang='lat' dir='ltr'>nec</span> <span class='ocrx_word' id='word_1_69' title='bbox 1129 1047 1224 1102; x_wconf 82' lang='lat' dir='ltr'>statim</span> <span class='ocrx_word' id='word_1_70' title='bbox 1237 1045 1325 1116; x_wconf 61' lang='lat' dir='ltr'>caedri</span> 
     </span>
     <span class='ocr_line' id='line_1_9' title="bbox 175 1124 1323 1200; baseline 0 -18"><span class='ocrx_word' id='word_1_71' title='bbox 175 1124 228 1183; x_wconf 89' lang='lat' dir='ltr'>sed</span> <span class='ocrx_word' id='word_1_72' title='bbox 243 1127 284 1183; x_wconf 94' lang='lat' dir='ltr'>sic</span> <span class='ocrx_word' id='word_1_73' title='bbox 299 1124 360 1182; x_wconf 93' lang='lat' dir='ltr'>uult</span> <span class='ocrx_word' id='word_1_74' title='bbox 377 1125 458 1183; x_wconf 87' lang='lat' dir='ltr'>illum</span> <span class='ocrx_word' id='word_1_75' title='bbox 477 1125 609 1200; x_wconf 88' lang='lat' dir='ltr'>inprimis</span> <span class='ocrx_word' id='word_1_76' title='bbox 624 1136 731 1183; x_wconf 87' lang='lat' dir='ltr'>terrere</span> <span class='ocrx_word' id='word_1_77' title='bbox 741 1135 772 1183; x_wconf 92' lang='lat' dir='ltr'>ut</span> <span class='ocrx_word' id='word_1_78' title='bbox 786 1125 885 1200; x_wconf 88' lang='lat' dir='ltr'>fugiat,</span> <span class='ocrx_word' id='word_1_79' title='bbox 900 1127 942 1184; x_wconf 90' lang='lat' dir='ltr'>sic</span> <span class='ocrx_word' id='word_1_80' title='bbox 962 1144 1019 1200; x_wconf 85' lang='lat' dir='ltr'>ego</span> <span class='ocrx_word' id='word_1_81' title='bbox 1039 1125 1171 1200; x_wconf 89' lang='lat' dir='ltr'>inprimis</span> <span class='ocrx_word' id='word_1_82' title='bbox 1191 1136 1323 1200; x_wconf 89' lang='lat' dir='ltr'>praeten-</span> 
     </span>
     <span class='ocr_line' id='line_1_10' title="bbox 175 1206 1324 1283; baseline 0 -18"><span class='ocrx_word' id='word_1_83' title='bbox 175 1206 248 1265; x_wconf 91' lang='lat' dir='ltr'>dens</span> <span class='ocrx_word' id='word_1_84' title='bbox 269 1207 318 1264; x_wconf 92' lang='lat' dir='ltr'>tibi</span> <span class='ocrx_word' id='word_1_85' title='bbox 338 1206 480 1281; x_wconf 90' lang='lat' dir='ltr'>quasdam</span> <span class='ocrx_word' id='word_1_86' title='bbox 499 1207 594 1263; x_wconf 91' lang='lat' dir='ltr'>minas</span> <span class='ocrx_word' id='word_1_87' title='bbox 612 1225 664 1281; x_wconf 93' lang='lat' dir='ltr'>per</span> <span class='ocrx_word' id='word_1_88' title='bbox 677 1226 747 1280; x_wconf 84' lang='lat' dir='ltr'>quar</span> <span class='ocrx_word' id='word_1_89' title='bbox 762 1207 916 1283; x_wconf 89' lang='lat' dir='ltr'>resipiscas</span> <span class='ocrx_word' id='word_1_90' title='bbox 935 1225 997 1264; x_wconf 91' lang='lat' dir='ltr'>non</span> <span class='ocrx_word' id='word_1_91' title='bbox 1017 1207 1113 1265; x_wconf 91' lang='lat' dir='ltr'>statim</span> <span class='ocrx_word' id='word_1_92' title='bbox 1132 1206 1280 1265; x_wconf 90' lang='lat' dir='ltr'>iaculabor</span> <span class='ocrx_word' id='word_1_93' title='bbox 1294 1216 1324 1279; x_wconf 81' lang='lat' dir='ltr'>te</span> 
     </span>
     <span class='ocr_line' id='line_1_11' title="bbox 174 1288 966 1362; baseline 0 -17"><span class='ocrx_word' id='word_1_94' title='bbox 174 1288 193 1346; x_wconf 93' lang='lat' dir='ltr'>i.</span> <span class='ocrx_word' id='word_1_95' title='bbox 208 1289 341 1345; x_wconf 90' lang='lat' dir='ltr'>nondum</span> <span class='ocrx_word' id='word_1_96' title='bbox 355 1301 474 1362; x_wconf 90' lang='lat' dir='ltr'>tangam</span> <span class='ocrx_word' id='word_1_97' title='bbox 489 1297 516 1345; x_wconf 93' lang='lat' dir='ltr'>te</span> <span class='ocrx_word' id='word_1_98' title='bbox 531 1288 632 1345; x_wconf 87' lang='lat' dir='ltr'>acriori</span> <span class='ocrx_word' id='word_1_99' title='bbox 648 1288 882 1362; x_wconf 91' lang='lat' dir='ltr'>reprehensione.</span> <span class='ocrx_word' id='word_1_100' title='bbox 924 1288 966 1345; x_wconf 90' lang='lat' dir='ltr'>H.</span> 
     </span>
    </p>

    <p class='ocr_par' dir='ltr' id='par_1_6' title="bbox 175 1367 1324 1770">
     <span class='ocr_line' id='line_1_12' title="bbox 209 1367 1323 1444; baseline -0.002 -17"><span class='ocrx_word' id='word_1_101' title='bbox 209 1381 265 1442; x_wconf 87' lang='lat'>&#39;54.</span> <span class='ocrx_word' id='word_1_102' title='bbox 287 1369 409 1427; x_wconf 91' lang='lat' dir='ltr'>Tincta</span> <span class='ocrx_word' id='word_1_103' title='bbox 430 1369 630 1444; x_wconf 89' lang='lat' dir='ltr'>Lycambeo.</span> <span class='ocrx_word' id='word_1_104' title='bbox 672 1369 827 1428; x_wconf 91' lang='lat' dir='ltr'>Licambes</span> <span class='ocrx_word' id='word_1_105' title='bbox 845 1369 999 1427; x_wconf 88' lang='lat' dir='ltr'>Neobulen</span> <span class='ocrx_word' id='word_1_106' title='bbox 1018 1367 1105 1426; x_wconf 91' lang='lat' dir='ltr'>filiam</span> <span class='ocrx_word' id='word_1_107' title='bbox 1124 1387 1207 1426; x_wconf 91' lang='lat' dir='ltr'>suam</span> <span class='ocrx_word' id='word_1_108' title='bbox 1221 1369 1323 1427; x_wconf 89' lang='lat' dir='ltr'>Archi·</span> 
     </span>
     <span class='ocr_line' id='line_1_13' title="bbox 175 1449 1323 1526; baseline -0.001 -17"><span class='ocrx_word' id='word_1_109' title='bbox 175 1449 263 1509; x_wconf 95' lang='lat' dir='ltr'>locho</span> <span class='ocrx_word' id='word_1_110' title='bbox 292 1450 480 1524; x_wconf 90' lang='lat' dir='ltr'>desponsauit</span> <span class='ocrx_word' id='word_1_111' title='bbox 504 1460 533 1508; x_wconf 92' lang='lat' dir='ltr'>et</span> <span class='ocrx_word' id='word_1_112' title='bbox 558 1451 658 1508; x_wconf 91' lang='lat' dir='ltr'>dotem</span> <span class='ocrx_word' id='word_1_113' title='bbox 682 1451 835 1526; x_wconf 83' lang='lat' dir='ltr'>promisit;</span> <span class='ocrx_word' id='word_1_114' title='bbox 865 1468 954 1524; x_wconf 91' lang='lat' dir='ltr'>quam</span> <span class='ocrx_word' id='word_1_115' title='bbox 979 1450 1046 1525; x_wconf 92' lang='lat' dir='ltr'>quia</span> <span class='ocrx_word' id='word_1_116' title='bbox 1070 1459 1173 1525; x_wconf 85' lang='lat' dir='ltr'>postea</span> <span class='ocrx_word' id='word_1_117' title='bbox 1197 1451 1323 1526; x_wconf 85' lang='lat' dir='ltr'>negauit,</span> 
     </span>
     <span class='ocr_line' id='line_1_14' title="bbox 176 1530 1324 1607; baseline -0.003 -16"><span class='ocrx_word' id='word_1_118' title='bbox 176 1532 370 1592; x_wconf 88' lang='lat' dir='ltr'>Archilochus</span> <span class='ocrx_word' id='word_1_119' title='bbox 384 1533 414 1588; x_wconf 91' lang='lat' dir='ltr'>in</span> <span class='ocrx_word' id='word_1_120' title='bbox 429 1532 555 1590; x_wconf 86' lang='lat' dir='ltr'>iambico</span> <span class='ocrx_word' id='word_1_121' title='bbox 571 1543 663 1589; x_wconf 90' lang='lat' dir='ltr'>metro</span> <span class='ocrx_word' id='word_1_122' title='bbox 678 1533 853 1589; x_wconf 91' lang='lat' dir='ltr'>inuectiuam</span> <span class='ocrx_word' id='word_1_123' title='bbox 873 1533 903 1588; x_wconf 81' lang='lat' dir='ltr'>in</span> <span class='ocrx_word' id='word_1_124' title='bbox 921 1532 1017 1606; x_wconf 92' lang='lat' dir='ltr'>ipsum</span> <span class='ocrx_word' id='word_1_125' title='bbox 1032 1530 1099 1588; x_wconf 87' lang='lat' dir='ltr'>lecit</span> <span class='ocrx_word' id='word_1_126' title='bbox 1113 1540 1216 1589; x_wconf 91' lang='lat' dir='ltr'>ettam</span> <span class='ocrx_word' id='word_1_127' title='bbox 1230 1531 1324 1607; x_wconf 88' lang='lat' dir='ltr'>turpia</span> 
     </span>
     <span class='ocr_line' id='line_1_15' title="bbox 177 1612 1324 1688; baseline -0.001 -17"><span class='ocrx_word' id='word_1_128' title='bbox 177 1613 213 1671; x_wconf 90' lang='lat' dir='ltr'>de</span> <span class='ocrx_word' id='word_1_129' title='bbox 228 1631 264 1671; x_wconf 94' lang='lat' dir='ltr'>eo</span> <span class='ocrx_word' id='word_1_130' title='bbox 279 1613 351 1671; x_wconf 83' lang='lat' dir='ltr'>dixit</span> <span class='ocrx_word' id='word_1_131' title='bbox 365 1613 444 1687; x_wconf 93' lang='lat' dir='ltr'>quod</span> <span class='ocrx_word' id='word_1_132' title='bbox 460 1614 554 1688; x_wconf 93' lang='lat' dir='ltr'>ipsum</span> <span class='ocrx_word' id='word_1_133' title='bbox 570 1622 598 1670; x_wconf 90' lang='lat' dir='ltr'>et</span> <span class='ocrx_word' id='word_1_134' title='bbox 612 1631 734 1671; x_wconf 83' lang='lat' dir='ltr'>uxorem</span> <span class='ocrx_word' id='word_1_135' title='bbox 749 1622 777 1670; x_wconf 89' lang='lat' dir='ltr'>et</span> <span class='ocrx_word' id='word_1_136' title='bbox 792 1613 879 1670; x_wconf 89' lang='lat' dir='ltr'>filiam</span> <span class='ocrx_word' id='word_1_137' title='bbox 894 1612 931 1670; x_wconf 90' lang='lat' dir='ltr'>ad</span> <span class='ocrx_word' id='word_1_138' title='bbox 945 1612 1066 1687; x_wconf 90' lang='lat' dir='ltr'>laqueos</span> <span class='ocrx_word' id='word_1_139' title='bbox 1080 1614 1192 1688; x_wconf 85' lang='lat' dir='ltr'>coegit:</span> <span class='ocrx_word' id='word_1_140' title='bbox 1216 1613 1324 1671; x_wconf 88' lang='lat' dir='ltr'>malue-</span> 
     </span>
     <span class='ocr_line' id='line_1_16' title="bbox 175 1692 1119 1770; baseline -0.001 -17"><span class='ocrx_word' id='word_1_141' title='bbox 175 1705 242 1753; x_wconf 91' lang='lat' dir='ltr'>runt</span> <span class='ocrx_word' id='word_1_142' title='bbox 257 1696 336 1751; x_wconf 89' lang='lat' dir='ltr'>enim</span> <span class='ocrx_word' id='word_1_143' title='bbox 351 1695 425 1752; x_wconf 89' lang='lat' dir='ltr'>mori</span> <span class='ocrx_word' id='word_1_144' title='bbox 440 1712 528 1770; x_wconf 92' lang='lat' dir='ltr'>quam</span> <span class='ocrx_word' id='word_1_145' title='bbox 544 1696 598 1751; x_wconf 93' lang='lat' dir='ltr'>sub</span> <span class='ocrx_word' id='word_1_146' title='bbox 612 1695 742 1769; x_wconf 90' lang='lat' dir='ltr'>turpibus</span> <span class='ocrx_word' id='word_1_147' title='bbox 757 1694 919 1768; x_wconf 88' lang='lat' dir='ltr'>obprobriis</span> <span class='ocrx_word' id='word_1_148' title='bbox 934 1695 1041 1751; x_wconf 91' lang='lat' dir='ltr'>uiuere.</span> <span class='ocrx_word' id='word_1_149' title='bbox 1086 1692 1119 1752; x_wconf 90' lang='lat' dir='ltr'>C.</span> 
     </span>
    </p>

    <p class='ocr_par' dir='ltr' id='par_1_7' title="bbox 176 1772 1325 2094">
     <span class='ocr_line' id='line_1_17' title="bbox 219 1772 1325 1851; baseline -0.003 -18"><span class='ocrx_word' id='word_1_150' title='bbox 219 1789 265 1848; x_wconf 91' lang='lat'>55.</span> <span class='ocrx_word' id='word_1_151' title='bbox 289 1775 381 1846; x_wconf 90' lang='lat' dir='ltr'>Quasi</span> <span class='ocrx_word' id='word_1_152' title='bbox 403 1776 510 1833; x_wconf 93' lang='lat' dir='ltr'>diceret</span> <span class='ocrx_word' id='word_1_153' title='bbox 529 1774 567 1832; x_wconf 92' lang='lat' dir='ltr'>Et</span> <span class='ocrx_word' id='word_1_154' title='bbox 586 1775 738 1851; x_wconf 91' lang='lat' dir='ltr'>quomodo</span> <span class='ocrx_word' id='word_1_155' title='bbox 754 1772 949 1833; x_wconf 85' lang='lat' dir='ltr'>Callimachus</span> <span class='ocrx_word' id='word_1_156' title='bbox 969 1775 1042 1832; x_wconf 91' lang='lat' dir='ltr'>filius</span> <span class='ocrx_word' id='word_1_157' title='bbox 1062 1774 1138 1832; x_wconf 89' lang='lat' dir='ltr'>Batti</span> <span class='ocrx_word' id='word_1_158' title='bbox 1157 1775 1232 1833; x_wconf 92' lang='lat' dir='ltr'>male</span> <span class='ocrx_word' id='word_1_159' title='bbox 1251 1774 1325 1845; x_wconf 78' lang='lat' dir='ltr'>dixit</span> 
     </span>
     <span class='ocr_line' id='line_1_18' title="bbox 176 1856 1323 1931; baseline -0.003 -16"><span class='ocrx_word' id='word_1_160' title='bbox 176 1858 321 1915; x_wconf 90' lang='lat' dir='ltr'>aemulum</span> <span class='ocrx_word' id='word_1_161' title='bbox 344 1875 429 1914; x_wconf 92' lang='lat' dir='ltr'>suum</span> <span class='ocrx_word' id='word_1_162' title='bbox 451 1858 498 1914; x_wconf 89' lang='lat' dir='ltr'>cui</span> <span class='ocrx_word' id='word_1_163' title='bbox 519 1857 577 1914; x_wconf 93' lang='lat' dir='ltr'>hoc</span> <span class='ocrx_word' id='word_1_164' title='bbox 598 1874 708 1914; x_wconf 92' lang='lat' dir='ltr'>nomen</span> <span class='ocrx_word' id='word_1_165' title='bbox 733 1874 756 1914; x_wconf 91' lang='lat' dir='ltr'>s.</span> <span class='ocrx_word' id='word_1_166' title='bbox 778 1857 833 1914; x_wconf 91' lang='lat' dir='ltr'>ibis</span> <span class='ocrx_word' id='word_1_167' title='bbox 854 1856 1000 1931; x_wconf 88' lang='lat' dir='ltr'>imposuit,</span> <span class='ocrx_word' id='word_1_168' title='bbox 1022 1856 1079 1914; x_wconf 88' lang='lat' dir='ltr'>hoc</span> <span class='ocrx_word' id='word_1_169' title='bbox 1101 1857 1191 1913; x_wconf 90' lang='lat' dir='ltr'>modo</span> <span class='ocrx_word' id='word_1_170' title='bbox 1213 1865 1323 1914; x_wconf 89' lang='lat' dir='ltr'>ettam</span> 
     </span>
     <span class='ocr_line' id='line_1_19' title="bbox 177 1936 1324 1996; baseline -0.001 0"><span class='ocrx_word' id='word_1_171' title='bbox 177 1939 328 1996; x_wconf 85' lang='lat' dir='ltr'>execrabili</span> <span class='ocrx_word' id='word_1_172' title='bbox 353 1938 556 1996; x_wconf 84' lang='lat' dir='ltr'>maledictione</span> <span class='ocrx_word' id='word_1_173' title='bbox 580 1938 752 1996; x_wconf 89' lang='lat' dir='ltr'>maledicam</span> <span class='ocrx_word' id='word_1_174' title='bbox 776 1938 827 1995; x_wconf 88' lang='lat' dir='ltr'>tibi</span> <span class='ocrx_word' id='word_1_175' title='bbox 847 1948 879 1994; x_wconf 90' lang='lat' dir='ltr'>ut</span> <span class='ocrx_word' id='word_1_176' title='bbox 903 1938 942 1994; x_wconf 91' lang='lat' dir='ltr'>ita</span> <span class='ocrx_word' id='word_1_177' title='bbox 963 1937 1042 1995; x_wconf 86' lang='lat' dir='ltr'>dicar</span> <span class='ocrx_word' id='word_1_178' title='bbox 1063 1947 1129 1995; x_wconf 88' lang='lat' dir='ltr'>ate</span> <span class='ocrx_word' id='word_1_179' title='bbox 1153 1936 1233 1994; x_wconf 93' lang='lat' dir='ltr'>illum</span> <span class='ocrx_word' id='word_1_180' title='bbox 1259 1956 1324 1995; x_wconf 88' lang='lat' dir='ltr'>esse</span> 
     </span>
     <span class='ocr_line' id='line_1_20' title="bbox 176 2017 1322 2094; baseline -0.003 -14"><span class='ocrx_word' id='word_1_181' title='bbox 176 2020 303 2081; x_wconf 89' lang='lat' dir='ltr'>imitatus</span> <span class='ocrx_word' id='word_1_182' title='bbox 318 2020 473 2094; x_wconf 91' lang='lat' dir='ltr'>imponens</span> <span class='ocrx_word' id='word_1_183' title='bbox 488 2020 537 2076; x_wconf 92' lang='lat' dir='ltr'>tibi</span> <span class='ocrx_word' id='word_1_184' title='bbox 552 2020 610 2077; x_wconf 89' lang='lat' dir='ltr'>hoc</span> <span class='ocrx_word' id='word_1_185' title='bbox 624 2020 701 2076; x_wconf 89' lang='lat' dir='ltr'>idem</span> <span class='ocrx_word' id='word_1_186' title='bbox 717 2037 827 2077; x_wconf 91' lang='lat' dir='ltr'>nomen</span> <span class='ocrx_word' id='word_1_187' title='bbox 842 2018 921 2094; x_wconf 92' lang='lat' dir='ltr'>quod</span> <span class='ocrx_word' id='word_1_188' title='bbox 935 2019 994 2075; x_wconf 82' lang='lat' dir='ltr'>eius</span> <span class='ocrx_word' id='word_1_189' title='bbox 1008 2018 1137 2076; x_wconf 91' lang='lat' dir='ltr'>aemulus</span> <span class='ocrx_word' id='word_1_190' title='bbox 1152 2018 1260 2076; x_wconf 91' lang='lat' dir='ltr'>habuit.</span> <span class='ocrx_word' id='word_1_191' title='bbox 1289 2017 1322 2077; x_wconf 87' lang='lat' dir='ltr'>C.</span> 
     </span>
    </p>

    <p class='ocr_par' dir='ltr' id='par_1_8' title="bbox 177 2099 1325 2241">
     <span class='ocr_line' id='line_1_21' title="bbox 218 2099 1325 2175; baseline -0.002 -17"><span class='ocrx_word' id='word_1_192' title='bbox 218 2101 255 2158; x_wconf 95' lang='lat' dir='ltr'>ib.</span> <span class='ocrx_word' id='word_1_193' title='bbox 278 2099 375 2158; x_wconf 91' lang='lat' dir='ltr'>Nunc</span> <span class='ocrx_word' id='word_1_194' title='bbox 397 2119 462 2175; x_wconf 93' lang='lat' dir='ltr'>quo</span> <span class='ocrx_word' id='word_1_195' title='bbox 484 2100 663 2159; x_wconf 85' lang='lat' dir='ltr'>Battiades</span> <span class='ocrx_word' id='word_1_196' title='bbox 706 2100 904 2159; x_wconf 87' lang='lat' dir='ltr'>Callimachus</span> <span class='ocrx_word' id='word_1_197' title='bbox 922 2100 996 2157; x_wconf 85' lang='lat' dir='ltr'>filius</span> <span class='ocrx_word' id='word_1_198' title='bbox 1011 2100 1087 2158; x_wconf 79' lang='lat' dir='ltr'>Batti</span> <span class='ocrx_word' id='word_1_199' title='bbox 1105 2099 1174 2158; x_wconf 89' lang='lat' dir='ltr'>fecit</span> <span class='ocrx_word' id='word_1_200' title='bbox 1191 2100 1263 2158; x_wconf 88' lang='lat' dir='ltr'>haec</span> <span class='ocrx_word' id='word_1_201' title='bbox 1280 2100 1325 2158; x_wconf 89' lang='lat' dir='ltr'>in-</span> 
     </span>
     <span class='ocr_line' id='line_1_22' title="bbox 177 2181 1040 2241; baseline -0.002 -1"><span class='ocrx_word' id='word_1_202' title='bbox 177 2183 291 2240; x_wconf 90' lang='lat' dir='ltr'>uectiua</span> <span class='ocrx_word' id='word_1_203' title='bbox 305 2193 406 2241; x_wconf 90' lang='lat' dir='ltr'>contra</span> <span class='ocrx_word' id='word_1_204' title='bbox 421 2182 494 2239; x_wconf 92' lang='lat' dir='ltr'>lbin.</span> <span class='ocrx_word' id='word_1_205' title='bbox 537 2181 580 2239; x_wconf 88' lang='lat' dir='ltr'>H.</span> <span class='ocrx_word' id='word_1_206' title='bbox 1037 2215 1040 2220; x_wconf 91' lang='lat'>-</span> 
     </span>
    </p>

    <p class='ocr_par' dir='ltr' id='par_1_9' title="bbox 177 2259 1325 2404">
     <span class='ocr_line' id='line_1_23' title="bbox 219 2259 1325 2338; baseline 0 -18"><span class='ocrx_word' id='word_1_207' title='bbox 219 2277 267 2336; x_wconf 84' lang='lat'>57.</span> <span class='ocrx_word' id='word_1_208' title='bbox 296 2263 406 2338; x_wconf 92' lang='lat' dir='ltr'>thue</span> <span class='ocrx_word' id='word_1_209' title='bbox 436 2263 492 2320; x_wconf 91' lang='lat' dir='ltr'>ille</span> <span class='ocrx_word' id='word_1_210' title='bbox 523 2262 681 2321; x_wconf 89' lang='lat' dir='ltr'>historiis.</span> <span class='ocrx_word' id='word_1_211' title='bbox 737 2259 937 2320; x_wconf 86' lang='lat' dir='ltr'>Callimachus</span> <span class='ocrx_word' id='word_1_212' title='bbox 965 2261 1087 2321; x_wconf 91' lang='lat' dir='ltr'>inuoluit</span> <span class='ocrx_word' id='word_1_213' title='bbox 1115 2263 1244 2322; x_wconf 90' lang='lat' dir='ltr'>carmina</span> <span class='ocrx_word' id='word_1_214' title='bbox 1272 2280 1325 2321; x_wconf 89' lang='lat' dir='ltr'>sua</span> 
     </span>
     <span class='ocr_line' id='line_1_24' title="bbox 177 2344 513 2404; baseline -0.003 -1"><span class='ocrx_word' id='word_1_215' title='bbox 177 2347 271 2403; x_wconf 91' lang='lat' dir='ltr'>caecis</span> <span class='ocrx_word' id='word_1_216' title='bbox 292 2344 426 2404; x_wconf 89' lang='lat' dir='ltr'>historiis.</span> <span class='ocrx_word' id='word_1_217' title='bbox 467 2344 513 2402; x_wconf 93' lang='lat' dir='ltr'>H.</span> 
     </span>
    </p>

    <p class='ocr_par' dir='ltr' id='par_1_10' title="bbox 176 2424 1324 2566">
     <span class='ocr_line' id='line_1_25' title="bbox 220 2424 1324 2500; baseline 0 -18"><span class='ocrx_word' id='word_1_218' title='bbox 220 2429 267 2484; x_wconf 88' lang='lat'>60.</span> <span class='ocrx_word' id='word_1_219' title='bbox 290 2426 422 2484; x_wconf 88' lang='lat' dir='ltr'>Oblitus</span> <span class='ocrx_word' id='word_1_220' title='bbox 444 2426 544 2483; x_wconf 90' lang='lat' dir='ltr'>moris</span> <span class='ocrx_word' id='word_1_221' title='bbox 565 2425 765 2500; x_wconf 91' lang='lat' dir='ltr'>iudiciique:</span> <span class='ocrx_word' id='word_1_222' title='bbox 795 2425 876 2500; x_wconf 90' lang='lat' dir='ltr'>quod</span> <span class='ocrx_word' id='word_1_223' title='bbox 897 2435 941 2484; x_wconf 89' lang='lat' dir='ltr'>est</span> <span class='ocrx_word' id='word_1_224' title='bbox 962 2443 1023 2484; x_wconf 90' lang='lat' dir='ltr'>non</span> <span class='ocrx_word' id='word_1_225' title='bbox 1045 2424 1081 2483; x_wconf 95' lang='lat' dir='ltr'>de</span> <span class='ocrx_word' id='word_1_226' title='bbox 1102 2424 1180 2483; x_wconf 93' lang='lat' dir='ltr'>bello</span> <span class='ocrx_word' id='word_1_227' title='bbox 1201 2433 1324 2482; x_wconf 85' lang='lat' dir='ltr'>tractare</span> 
     </span>
     <span class='ocr_line' id='line_1_26' title="bbox 176 2506 455 2566; baseline 0 0"><span class='ocrx_word' id='word_1_228' title='bbox 176 2506 229 2566; x_wconf 89' lang='lat' dir='ltr'>sed</span> <span class='ocrx_word' id='word_1_229' title='bbox 245 2507 281 2566; x_wconf 90' lang='lat' dir='ltr'>de</span> <span class='ocrx_word' id='word_1_230' title='bbox 296 2509 374 2565; x_wconf 89' lang='lat' dir='ltr'>ioco.</span> <span class='ocrx_word' id='word_1_231' title='bbox 412 2506 455 2566; x_wconf 89' lang='lat' dir='ltr'>H.</span> 
     </span>
    </p>

    <p class='ocr_par' dir='ltr' id='par_1_11' title="bbox 178 2587 1324 2746">
     <span class='ocr_line' id='line_1_27' title="bbox 220 2587 1324 2664; baseline 0 -20"><span class='ocrx_word' id='word_1_232' title='bbox 220 2602 266 2663; x_wconf 87' lang='lat'>70.</span> <span class='ocrx_word' id='word_1_233' title='bbox 288 2587 331 2646; x_wconf 91' lang='lat' dir='ltr'>Et</span> <span class='ocrx_word' id='word_1_234' title='bbox 352 2588 449 2648; x_wconf 89' lang='lat' dir='ltr'>sinite</span> <span class='ocrx_word' id='word_1_235' title='bbox 470 2588 595 2664; x_wconf 92' lang='lat' dir='ltr'>optatis</span> <span class='ocrx_word' id='word_1_236' title='bbox 615 2587 747 2664; x_wconf 90' lang='lat' dir='ltr'>pondus</span> <span class='ocrx_word' id='word_1_237' title='bbox 767 2587 879 2646; x_wconf 89' lang='lat' dir='ltr'>inesse</span> <span class='ocrx_word' id='word_1_238' title='bbox 901 2588 1000 2645; x_wconf 88' lang='lat' dir='ltr'>meis:</span> <span class='ocrx_word' id='word_1_239' title='bbox 1030 2587 1113 2645; x_wconf 89' lang='lat' dir='ltr'>sinite</span> <span class='ocrx_word' id='word_1_240' title='bbox 1136 2605 1237 2645; x_wconf 85' lang='lat' dir='ltr'>uerum</span> <span class='ocrx_word' id='word_1_241' title='bbox 1259 2605 1324 2644; x_wconf 86' lang='lat' dir='ltr'>esse</span> 
     </span>
     <span class='ocr_line' id='line_1_28' title="bbox 178 2669 469 2746; baseline 0.003 -19"><span class='ocrx_word' id='word_1_242' title='bbox 178 2670 258 2746; x_wconf 94' lang='lat' dir='ltr'>quod</span> <span class='ocrx_word' id='word_1_243' title='bbox 272 2687 383 2745; x_wconf 86' lang='lat' dir='ltr'>precor.</span> <span class='ocrx_word' id='word_1_244' title='bbox 428 2669 469 2728; x_wconf 89' lang='lat' dir='ltr'>H.</span> 
     </span>
    </p>

    <p class='ocr_par' dir='ltr' id='par_1_12' title="bbox 178 2749 1327 2892">
     <span class='ocr_line' id='line_1_29' title="bbox 221 2749 1327 2827; baseline -0.002 -19"><span class='ocrx_word' id='word_1_245' title='bbox 221 2767 267 2825; x_wconf 88' lang='lat'>74.</span> <span class='ocrx_word' id='word_1_246' title='bbox 293 2770 376 2827; x_wconf 86' lang='lat' dir='ltr'>quae</span> <span class='ocrx_word' id='word_1_247' title='bbox 401 2769 570 2826; x_wconf 89' lang='lat' dir='ltr'>nunquam</span> <span class='ocrx_word' id='word_1_248' title='bbox 596 2767 661 2825; x_wconf 88' lang='lat' dir='ltr'>quo</span> <span class='ocrx_word' id='word_1_249' title='bbox 686 2749 779 2824; x_wconf 91' lang='lat' dir='ltr'>prius</span> <span class='ocrx_word' id='word_1_250' title='bbox 801 2751 881 2808; x_wconf 92' lang='lat' dir='ltr'>orbe</span> <span class='ocrx_word' id='word_1_251' title='bbox 906 2750 1027 2808; x_wconf 90' lang='lat' dir='ltr'>micas:</span> <span class='ocrx_word' id='word_1_252' title='bbox 1060 2749 1128 2825; x_wconf 89' lang='lat' dir='ltr'>quia</span> <span class='ocrx_word' id='word_1_253' title='bbox 1148 2758 1197 2807; x_wconf 93' lang='lat' dir='ltr'>aut</span> <span class='ocrx_word' id='word_1_254' title='bbox 1218 2749 1327 2808; x_wconf 90' lang='lat' dir='ltr'>crescis</span> 
     </span>
     <span class='ocr_line' id='line_1_30' title="bbox 178 2832 476 2892; baseline -0.01 0"><span class='ocrx_word' id='word_1_255' title='bbox 178 2842 227 2892; x_wconf 85' lang='lat' dir='ltr'>aut</span> <span class='ocrx_word' id='word_1_256' title='bbox 241 2832 392 2891; x_wconf 90' lang='lat' dir='ltr'>decrescis.</span> <span class='ocrx_word' id='word_1_257' title='bbox 433 2832 476 2889; x_wconf 89' lang='lat' dir='ltr'>H.</span> 
     </span>
    </p>

    <p class='ocr_par' dir='ltr' id='par_1_13' title="bbox 177 2911 1325 3152">
     <span class='ocr_line' id='line_1_31' title="bbox 220 2911 1325 2988; baseline -0.003 -17"><span class='ocrx_word' id='word_1_258' title='bbox 220 2917 266 2987; x_wconf 84' lang='lat'>78.</span> <span class='ocrx_word' id='word_1_259' title='bbox 289 2913 525 2988; x_wconf 79' lang='lat' dir='ltr'>inperiuratae.</span> <span class='ocrx_word' id='word_1_260' title='bbox 567 2911 697 2970; x_wconf 89' lang='lat' dir='ltr'>Victoria</span> <span class='ocrx_word' id='word_1_261' title='bbox 715 2912 769 2970; x_wconf 92' lang='lat' dir='ltr'>diis</span> <span class='ocrx_word' id='word_1_262' title='bbox 784 2913 981 2987; x_wconf 84' lang='lat' dir='ltr'>pugnantibus</span> <span class='ocrx_word' id='word_1_263' title='bbox 997 2930 1064 2970; x_wconf 89' lang='lat' dir='ltr'>cum</span> <span class='ocrx_word' id='word_1_264' title='bbox 1079 2911 1251 2987; x_wconf 86' lang='lat' dir='ltr'>gigantibus,</span> <span class='ocrx_word' id='word_1_265' title='bbox 1267 2911 1325 2968; x_wconf 79' lang='lat' dir='ltr'>filia</span> 
     </span>
     <span class='ocr_line' id='line_1_32' title="bbox 179 2992 1324 3070; baseline -0.003 -16"><span class='ocrx_word' id='word_1_266' title='bbox 179 2995 259 3070; x_wconf 89' lang='lat' dir='ltr'>stigis</span> <span class='ocrx_word' id='word_1_267' title='bbox 274 2994 419 3053; x_wconf 85' lang='lat' dir='ltr'>infernalis</span> <span class='ocrx_word' id='word_1_268' title='bbox 434 2995 513 3053; x_wconf 87' lang='lat' dir='ltr'>fluuii</span> <span class='ocrx_word' id='word_1_269' title='bbox 528 2995 577 3070; x_wconf 87' lang='lat' dir='ltr'>qui</span> <span class='ocrx_word' id='word_1_270' title='bbox 591 2994 783 3069; x_wconf 91' lang='lat' dir='ltr'>inperiuratus</span> <span class='ocrx_word' id='word_1_271' title='bbox 799 2995 908 3065; x_wconf 88' lang='lat' dir='ltr'>dicitur,</span> <span class='ocrx_word' id='word_1_272' title='bbox 924 2995 954 3049; x_wconf 91' lang='lat' dir='ltr'>in</span> <span class='ocrx_word' id='word_1_273' title='bbox 969 2993 1078 3050; x_wconf 75' lang='lat' dir='ltr'>auxilio.</span> <span class='ocrx_word' id='word_1_274' title='bbox 1089 2992 1154 3049; x_wconf 89' lang='lat' dir='ltr'>fuit:</span> <span class='ocrx_word' id='word_1_275' title='bbox 1174 2993 1220 3049; x_wconf 92' lang='lat' dir='ltr'>cui</span> <span class='ocrx_word' id='word_1_276' title='bbox 1234 2992 1324 3050; x_wconf 91' lang='lat' dir='ltr'>fluuio</span> 
     </span>
     <span class='ocr_line' id='line_1_33' title="bbox 177 3072 1266 3152; baseline -0.004 -19"><span class='ocrx_word' id='word_1_277' title='bbox 177 3079 269 3152; x_wconf 87' lang='lat' dir='ltr'>gratia</span> <span class='ocrx_word' id='word_1_278' title='bbox 283 3077 357 3133; x_wconf 88' lang='lat' dir='ltr'>filiae</span> <span class='ocrx_word' id='word_1_279' title='bbox 373 3077 449 3134; x_wconf 91' lang='lat' dir='ltr'>hunc</span> <span class='ocrx_word' id='word_1_280' title='bbox 463 3077 605 3134; x_wconf 92' lang='lat' dir='ltr'>honorem</span> <span class='ocrx_word' id='word_1_281' title='bbox 620 3074 761 3133; x_wconf 90' lang='lat' dir='ltr'>dederunt</span> <span class='ocrx_word' id='word_1_282' title='bbox 775 3084 806 3132; x_wconf 89' lang='lat' dir='ltr'>ut</span> <span class='ocrx_word' id='word_1_283' title='bbox 820 3095 838 3132; x_wconf 87' lang='grc' dir='ltr'><em>α</em></span> <span class='ocrx_word' id='word_1_284' title='bbox 853 3074 969 3133; x_wconf 89' lang='lat' dir='ltr'>nemine</span> <span class='ocrx_word' id='word_1_285' title='bbox 984 3075 1181 3149; x_wconf 79' lang='lat' dir='ltr'>periuraretur.</span> <span class='ocrx_word' id='word_1_286' title='bbox 1223 3072 1266 3130; x_wconf 90' lang='lat' dir='ltr'>H.</span> 
     </span>
    </p>

    <p class='ocr_par' dir='ltr' id='par_1_14' title="bbox 178 3155 1324 3305">
     <span class='ocr_line' id='line_1_34' title="bbox 220 3155 1324 3233; baseline -0.004 -18"><span class='ocrx_word' id='word_1_287' title='bbox 220 3171 267 3231; x_wconf 85' lang='lat'>79.</span> <span class='ocrx_word' id='word_1_288' title='bbox 290 3176 398 3232; x_wconf 89' lang='lat' dir='ltr'>angue</span> <span class='ocrx_word' id='word_1_289' title='bbox 414 3158 561 3233; x_wconf 90' lang='lat' dir='ltr'>capillis:</span> <span class='ocrx_word' id='word_1_290' title='bbox 581 3157 597 3214; x_wconf 94' lang='lat' dir='ltr'>i.</span> <span class='ocrx_word' id='word_1_291' title='bbox 609 3156 713 3214; x_wconf 90' lang='lat' dir='ltr'>Alecto</span> <span class='ocrx_word' id='word_1_292' title='bbox 724 3155 885 3232; x_wconf 88' lang='lat' dir='ltr'>Tisiphone</span> <span class='ocrx_word' id='word_1_293' title='bbox 900 3168 928 3213; x_wconf 88' lang='lat' dir='ltr'>et</span> <span class='ocrx_word' id='word_1_294' title='bbox 940 3155 1078 3231; x_wconf 84' lang='lat' dir='ltr'>Megaera</span> <span class='ocrx_word' id='word_1_295' title='bbox 1093 3171 1216 3228; x_wconf 91' lang='lat' dir='ltr'>quarum</span> <span class='ocrx_word' id='word_1_296' title='bbox 1230 3155 1324 3211; x_wconf 85' lang='lat' dir='ltr'>crines</span> 
     </span>
     <span class='ocr_line' id='line_1_35' title="bbox 178 3239 1318 3305; baseline -0.002 -8"><span class='ocrx_word' id='word_1_297' title='bbox 178 3239 319 3298; x_wconf 91' lang='lat' dir='ltr'>colubrini</span> <span class='ocrx_word' id='word_1_298' title='bbox 334 3249 408 3296; x_wconf 89' lang='lat' dir='ltr'>sunt.</span> <span class='ocrx_word' id='word_1_299' title='bbox 450 3239 488 3296; x_wconf 90' lang='lat' dir='ltr'>P.</span> <span class='ocrx_word' id='word_1_300' title='bbox 1316 3300 1318 3305; x_wconf 61' lang='grc'>,</span> 
     </span>
    </p>

    <p class='ocr_par' dir='ltr' id='par_1_15' title="bbox 179 3314 1324 3461">
     <span class='ocr_line' id='line_1_36' title="bbox 220 3314 1324 3396; baseline -0.005 -19"><span class='ocrx_word' id='word_1_301' title='bbox 220 3323 267 3379; x_wconf 87' lang='lat'>80.</span> <span class='ocrx_word' id='word_1_302' title='bbox 290 3319 451 3378; x_wconf 90' lang='lat' dir='ltr'>Carceris.</span> <span class='ocrx_word' id='word_1_303' title='bbox 496 3318 771 3394; x_wconf 89' lang='lat' dir='ltr'>Metamorphoseos</span> <span class='ocrx_word' id='word_1_304' title='bbox 792 3327 895 3394; x_wconf 89' lang='lat' dir='ltr'>quarto</span> <span class='ocrx_word' id='word_1_305' title='bbox 915 3315 961 3396; x_wconf 90' lang='lat' dir='ltr'>(iv.</span> <span class='ocrx_word' id='word_1_306' title='bbox 981 3314 1053 3392; x_wconf 82' lang='lat'><strong>452)</strong></span> <span class='ocrx_word' id='word_1_307' title='bbox 1073 3316 1226 3375; x_wconf 91' lang='lat' dir='ltr'>Carceris</span> <span class='ocrx_word' id='word_1_308' title='bbox 1248 3324 1324 3373; x_wconf 91' lang='lat' dir='ltr'>ante</span> 
     </span>
     <span class='ocr_line' id='line_1_37' title="bbox 179 3399 892 3461; baseline -0.004 -2"><span class='ocrx_word' id='word_1_309' title='bbox 179 3402 269 3461; x_wconf 87' lang='lat' dir='ltr'>fores</span> <span class='ocrx_word' id='word_1_310' title='bbox 290 3402 421 3459; x_wconf 88' lang='lat' dir='ltr'>clausas</span> <span class='ocrx_word' id='word_1_311' title='bbox 443 3401 619 3458; x_wconf 91' lang='lat' dir='ltr'>adamante</span> <span class='ocrx_word' id='word_1_312' title='bbox 642 3401 813 3458; x_wconf 89' lang='lat' dir='ltr'>sedebant.</span> <span class='ocrx_word' id='word_1_313' title='bbox 860 3399 892 3460; x_wconf 90' lang='lat' dir='ltr'>C.</span> 
     </span>
    </p>

    <p class='ocr_par' dir='ltr' id='par_1_16' title="bbox 178 3477 1325 3622">
     <span class='ocr_line' id='line_1_38' title="bbox 220 3477 1325 3558; baseline -0.005 -18"><span class='ocrx_word' id='word_1_314' title='bbox 220 3486 265 3540; x_wconf 91' lang='lat'>81.</span> <span class='ocrx_word' id='word_1_315' title='bbox 285 3483 356 3540; x_wconf 91' lang='lat' dir='ltr'>Vos</span> <span class='ocrx_word' id='word_1_316' title='bbox 372 3500 505 3558; x_wconf 88' lang='lat' dir='ltr'>quoque</span> <span class='ocrx_word' id='word_1_317' title='bbox 525 3483 626 3558; x_wconf 90' lang='lat' dir='ltr'>plebs.</span> <span class='ocrx_word' id='word_1_318' title='bbox 668 3481 718 3538; x_wconf 91' lang='lat' dir='ltr'>lsti</span> <span class='ocrx_word' id='word_1_319' title='bbox 735 3483 773 3539; x_wconf 92' lang='lat' dir='ltr'>dii</span> <span class='ocrx_word' id='word_1_320' title='bbox 789 3481 824 3540; x_wconf 95' lang='lat' dir='ltr'>de</span> <span class='ocrx_word' id='word_1_321' title='bbox 840 3481 924 3558; x_wconf 91' lang='lat' dir='ltr'>plebe</span> <span class='ocrx_word' id='word_1_322' title='bbox 939 3489 1004 3537; x_wconf 90' lang='lat' dir='ltr'>sunt</span> <span class='ocrx_word' id='word_1_323' title='bbox 1019 3479 1099 3550; x_wconf 90' lang='lat' dir='ltr'>caeli,</span> <span class='ocrx_word' id='word_1_324' title='bbox 1115 3477 1226 3535; x_wconf 92' lang='lat' dir='ltr'>nonde</span> <span class='ocrx_word' id='word_1_325' title='bbox 1241 3477 1325 3534; x_wconf 78' lang='lat' dir='ltr'>nobi.-</span> 
     </span>
     <span class='ocr_line' id='line_1_39' title="bbox 178 3563 341 3622; baseline -0.006 0"><span class='ocrx_word' id='word_1_326' title='bbox 178 3565 263 3622; x_wconf 91' lang='lat' dir='ltr'>litate.</span> <span class='ocrx_word' id='word_1_327' title='bbox 309 3563 341 3622; x_wconf 91' lang='lat' dir='ltr'>C.</span> 
     </span>
    </p>

    <p class='ocr_par' dir='ltr' id='par_1_17' title="bbox 178 3639 1326 3884">
     <span class='ocr_line' id='line_1_40' title="bbox 220 3639 1324 3721; baseline -0.006 -18"><span class='ocrx_word' id='word_1_328' title='bbox 220 3664 268 3721; x_wconf 91' lang='lat'>90.</span> <span class='ocrx_word' id='word_1_329' title='bbox 290 3645 472 3720; x_wconf 90' lang='lat' dir='ltr'>Pasiphaes</span> <span class='ocrx_word' id='word_1_330' title='bbox 486 3644 607 3721; x_wconf 88' lang='lat' dir='ltr'>generi.</span> <span class='ocrx_word' id='word_1_331' title='bbox 650 3643 785 3701; x_wconf 91' lang='lat' dir='ltr'>Theseus</span> <span class='ocrx_word' id='word_1_332' title='bbox 799 3660 890 3718; x_wconf 86' lang='lat' dir='ltr'>gener</span> <span class='ocrx_word' id='word_1_333' title='bbox 900 3641 1059 3717; x_wconf 83' lang='lat' dir='ltr'>Pasiphaes</span> <span class='ocrx_word' id='word_1_334' title='bbox 1074 3640 1219 3698; x_wconf 88' lang='lat' dir='ltr'>execrauit</span> <span class='ocrx_word' id='word_1_335' title='bbox 1235 3639 1324 3697; x_wconf 81' lang='lat' dir='ltr'>lilium</span> 
     </span>
     <span class='ocr_line' id='line_1_41' title="bbox 178 3721 1326 3802; baseline -0.005 -17"><span class='ocrx_word' id='word_1_336' title='bbox 178 3745 263 3785; x_wconf 92' lang='lat' dir='ltr'>suum</span> <span class='ocrx_word' id='word_1_337' title='bbox 284 3727 482 3802; x_wconf 84' lang='lat' dir='ltr'>Hippolytum</span> <span class='ocrx_word' id='word_1_338' title='bbox 508 3744 562 3800; x_wconf 93' lang='lat' dir='ltr'>pro</span> <span class='ocrx_word' id='word_1_339' title='bbox 587 3726 658 3782; x_wconf 83' lang='lat' dir='ltr'>falsa</span> <span class='ocrx_word' id='word_1_340' title='bbox 680 3725 879 3782; x_wconf 90' lang='lat' dir='ltr'>criminatione</span> <span class='ocrx_word' id='word_1_341' title='bbox 903 3725 1002 3781; x_wconf 84' lang='lat' dir='ltr'>uxoris</span> <span class='ocrx_word' id='word_1_342' title='bbox 1025 3740 1094 3781; x_wconf 89' lang='lat' dir='ltr'>suae</span> <span class='ocrx_word' id='word_1_343' title='bbox 1116 3721 1273 3793; x_wconf 88' lang='lat' dir='ltr'>Phaedrae,</span> <span class='ocrx_word' id='word_1_344' title='bbox 1296 3730 1326 3779; x_wconf 91' lang='lat' dir='ltr'>et</span> 
     </span>
     <span class='ocr_line' id='line_1_42' title="bbox 178 3806 706 3884; baseline -0.008 -16"><span class='ocrx_word' id='word_1_345' title='bbox 178 3809 329 3884; x_wconf 87' lang='lat' dir='ltr'>contingat</span> <span class='ocrx_word' id='word_1_346' title='bbox 344 3809 394 3866; x_wconf 91' lang='lat' dir='ltr'>tibi</span> <span class='ocrx_word' id='word_1_347' title='bbox 410 3809 482 3867; x_wconf 91' lang='lat' dir='ltr'>sicut</span> <span class='ocrx_word' id='word_1_348' title='bbox 495 3807 534 3865; x_wconf 89' lang='lat' dir='ltr'>illi</span> <span class='ocrx_word' id='word_1_349' title='bbox 548 3807 623 3866; x_wconf 86' lang='lat' dir='ltr'>fecit.</span> <span class='ocrx_word' id='word_1_350' title='bbox 663 3806 706 3864; x_wconf 91' lang='lat' dir='ltr'>H.</span> 
     </span>
    </p>
   </div>
   <div class='ocr_carea' id='block_1_5' title="bbox 175 4035 1327 4595">
    <p class='ocr_par' dir='ltr' id='par_1_18' title="bbox 215 4035 425 4102">
     <span class='ocr_line' id='line_1_43' title="bbox 215 4035 425 4102; baseline 0 -16"><span class='ocrx_word' id='word_1_351' title='bbox 215 4051 257 4098; x_wconf 77' lang='lat'>35.</span> <span class='ocrx_word' id='word_1_352' title='bbox 275 4038 383 4102; x_wconf 84' lang='lat' dir='ltr'>separet</span> <span class='ocrx_word' id='word_1_353' title='bbox 397 4035 425 4087; x_wconf 92' lang='lat' dir='ltr'>C.</span> 
     </span>
    </p>

    <p class='ocr_par' dir='ltr' id='par_1_19' title="bbox 213 4102 752 4171">
     <span class='ocr_line' id='line_1_44' title="bbox 213 4102 752 4171; baseline -0.004 -15"><span class='ocrx_word' id='word_1_354' title='bbox 213 4120 256 4168; x_wconf 90' lang='lat'>47.</span> <span class='ocrx_word' id='word_1_355' title='bbox 275 4121 326 4158; x_wconf 90' lang='lat' dir='ltr'>nec</span> <span class='ocrx_word' id='word_1_356' title='bbox 339 4112 393 4157; x_wconf 87' lang='lat' dir='ltr'>stat</span> <span class='ocrx_word' id='word_1_357' title='bbox 406 4104 435 4155; x_wconf 87' lang='lat' dir='ltr'>H</span> <span class='ocrx_word' id='word_1_358' title='bbox 503 4119 552 4171; x_wconf 89' lang='lat' dir='ltr'>per</span> <span class='ocrx_word' id='word_1_359' title='bbox 565 4104 705 4171; x_wconf 86' lang='lat' dir='ltr'>resipiscas</span> <span class='ocrx_word' id='word_1_360' title='bbox 718 4102 752 4154; x_wconf 87' lang='lat' dir='ltr'>H.</span> 
     </span>
    </p>

    <p class='ocr_par' dir='ltr' id='par_1_20' title="bbox 213 4165 1315 4239">
     <span class='ocr_line' id='line_1_45' title="bbox 213 4165 1315 4239; baseline -0.007 -12"><span class='ocrx_word' id='word_1_361' title='bbox 213 4193 255 4239; x_wconf 85' lang='lat'>54.</span> <span class='ocrx_word' id='word_1_362' title='bbox 274 4174 612 4228; x_wconf 87' lang='lat' dir='ltr'>LicambesneobolemC</span> <span class='ocrx_word' id='word_1_363' title='bbox 679 4171 841 4225; x_wconf 88' lang='lat' dir='ltr'>ambichoC</span> <span class='ocrx_word' id='word_1_364' title='bbox 910 4169 1125 4223; x_wconf 88' lang='lat' dir='ltr'>infectiuuamC</span> <span class='ocrx_word' id='word_1_365' title='bbox 1193 4165 1230 4236; x_wconf 87' lang='lat' dir='ltr'>in]</span> <span class='ocrx_word' id='word_1_366' title='bbox 1245 4172 1273 4220; x_wconf 91' lang='lat' dir='ltr'>et</span> <span class='ocrx_word' id='word_1_367' title='bbox 1287 4169 1315 4220; x_wconf 77' lang='lat' dir='ltr'>G.</span> 
     </span>
    </p>

    <p class='ocr_par' dir='ltr' id='par_1_21' title="bbox 175 4236 1327 4369">
     <span class='ocr_line' id='line_1_46' title="bbox 213 4236 1327 4310; baseline -0.008 -12"><span class='ocrx_word' id='word_1_368' title='bbox 213 4263 255 4310; x_wconf 84' lang='lat'>55.</span> <span class='ocrx_word' id='word_1_369' title='bbox 275 4247 481 4299; x_wconf 88' lang='lat' dir='ltr'>CalimachusC</span> <span class='ocrx_word' id='word_1_370' title='bbox 561 4244 677 4298; x_wconf 85' lang='lat' dir='ltr'>bachiC</span> <span class='ocrx_word' id='word_1_371' title='bbox 756 4242 918 4294; x_wconf 86' lang='lat' dir='ltr'>etraliumC</span> <span class='ocrx_word' id='word_1_372' title='bbox 998 4239 1180 4292; x_wconf 77' lang='lat' dir='ltr'>execrabiliC</span> <span class='ocrx_word' id='word_1_373' title='bbox 1259 4236 1327 4306; x_wconf 71' lang='lat' dir='ltr'>eius];&#39;</span> 
     </span>
     <span class='ocr_line' id='line_1_47' title="bbox 175 4315 710 4369; baseline 0 -2"><span class='ocrx_word' id='word_1_374' title='bbox 175 4332 239 4368; x_wconf 91' lang='lat' dir='ltr'>suus</span> <span class='ocrx_word' id='word_1_375' title='bbox 252 4317 275 4369; x_wconf 87' lang='lat' dir='ltr'>C</span> <span class='ocrx_word' id='word_1_376' title='bbox 343 4317 496 4369; x_wconf 88' lang='lat' dir='ltr'>Calimacus</span> <span class='ocrx_word' id='word_1_377' title='bbox 508 4316 539 4366; x_wconf 89' lang='lat' dir='ltr'>H</span> <span class='ocrx_word' id='word_1_378' title='bbox 546 4365 548 4368; x_wconf 12' lang='grc' dir='ltr'><em>Α</em></span> <span class='ocrx_word' id='word_1_379' title='bbox 605 4315 663 4367; x_wconf 88' lang='lat' dir='ltr'>bati</span> <span class='ocrx_word' id='word_1_380' title='bbox 676 4315 710 4367; x_wconf 89' lang='lat' dir='ltr'>H.</span> 
     </span>
    </p>

    <p class='ocr_par' dir='ltr' id='par_1_22' title="bbox 213 4388 474 4450">
     <span class='ocr_line' id='line_1_48' title="bbox 213 4388 474 4450; baseline 0.004 -11"><span class='ocrx_word' id='word_1_381' title='bbox 213 4402 255 4450; x_wconf 84' lang='lat'>57.</span> <span class='ocrx_word' id='word_1_382' title='bbox 275 4388 427 4439; x_wconf 89' lang='lat' dir='ltr'>Calimacus</span> <span class='ocrx_word' id='word_1_383' title='bbox 440 4388 474 4440; x_wconf 91' lang='lat' dir='ltr'>H.</span> 
     </span>
    </p>

    <p class='ocr_par' dir='ltr' id='par_1_23' title="bbox 214 4455 681 4511">
     <span class='ocr_line' id='line_1_49' title="bbox 214 4455 681 4511; baseline -0.002 -2"><span class='ocrx_word' id='word_1_384' title='bbox 214 4463 256 4510; x_wconf 88' lang='lat'>80.</span> <span class='ocrx_word' id='word_1_385' title='bbox 275 4457 460 4511; x_wconf 87' lang='lat' dir='ltr'>adamantisC</span> <span class='ocrx_word' id='word_1_386' title='bbox 527 4455 639 4510; x_wconf 88' lang='lat' dir='ltr'>sedebat</span> <span class='ocrx_word' id='word_1_387' title='bbox 652 4458 681 4510; x_wconf 86' lang='lat' dir='ltr'>C.</span> 
     </span>
    </p>

    <p class='ocr_par' dir='ltr' id='par_1_24' title="bbox 214 4523 892 4595">
     <span class='ocr_line' id='line_1_50' title="bbox 214 4523 892 4595; baseline -0.001 -17"><span class='ocrx_word' id='word_1_388' title='bbox 214 4546 256 4592; x_wconf 89' lang='lat'>90.</span> <span class='ocrx_word' id='word_1_389' title='bbox 276 4528 407 4580; x_wconf 91' lang='lat' dir='ltr'>teseusH</span> <span class='ocrx_word' id='word_1_390' title='bbox 475 4526 639 4595; x_wconf 90' lang='lat' dir='ltr'>pasiphesH</span> <span class='ocrx_word' id='word_1_391' title='bbox 707 4524 840 4595; x_wconf 91' lang='lat' dir='ltr'>ypolitum</span> <span class='ocrx_word' id='word_1_392' title='bbox 853 4523 892 4577; x_wconf 82' lang='lat' dir='ltr'>H.</span> 
     </span>
    </p>
   </div>
   <div class='ocr_carea' id='block_1_6' title="bbox 0 0 1529 5010">
    <p class='ocr_par' dir='ltr' id='par_1_25' title="bbox 0 0 1529 5010">
     <span class='ocr_line' id='line_1_51' title="bbox 0 0 1529 5010; baseline 0 0"><span class='ocrx_word' id='word_1_393' title='bbox 0 0 1529 5010; x_wconf 95' lang='lat' dir='ltr'> </span> 
     </span>
    </p>
   </div>
  </div>
 </body>
</html>
