<?xml version="1.0" encoding="UTF-8"?>
<!DOCTYPE html PUBLIC "-//W3C//DTD XHTML 1.0 Transitional//EN"
    "http://www.w3.org/TR/xhtml1/DTD/xhtml1-transitional.dtd">
<html xmlns="http://www.w3.org/1999/xhtml" xml:lang="en" lang="en">
 <head>
  <title>
</title>
<meta http-equiv="Content-Type" content="text/html;charset=utf-8" />
  <meta name='ocr-system' content='tesseract 3.04.00' />
  <meta name='ocr-capabilities' content='ocr_page ocr_carea ocr_par ocr_line ocrx_word'/>
</head>
<body>
  <div class='ocr_page' id='page_1' title='image "./povidiinasonisi00elligoog_0235.png"; bbox 0 0 3038 5010; ppageno 0'>
   <div class='ocr_carea' id='block_1_1' title="bbox 182 387 935 451">
    <p class='ocr_par' dir='ltr' id='par_1_1' title="bbox 182 387 935 451">
     <span class='ocr_line' id='line_1_1' title="bbox 182 387 935 451; baseline -0.004 0"><span class='ocrx_word' id='word_1_1' title='bbox 182 396 239 451; x_wconf 89' lang='grc'><strong>170</strong></span> <span class='ocrx_word' id='word_1_2' title='bbox 587 387 935 450; x_wconf 81' lang='lat' dir='ltr'><strong>COMMENTARIVS.</strong></span> 
     </span>
    </p>
   </div>
   <div class='ocr_carea' id='block_1_2' title="bbox 180 543 1331 759">
    <p class='ocr_par' dir='ltr' id='par_1_2' title="bbox 180 543 1331 759">
     <span class='ocr_line' id='line_1_2' title="bbox 180 543 1331 603; baseline -0.002 -1"><span class='ocrx_word' id='word_1_3' title='bbox 180 548 247 602; x_wconf 88' lang='lat' dir='ltr'><strong>And</strong></span> <span class='ocrx_word' id='word_1_4' title='bbox 259 546 288 602; x_wconf 89' lang='lat' dir='ltr'><strong>in</strong></span> <span class='ocrx_word' id='word_1_5' title='bbox 301 548 371 603; x_wconf 90' lang='lat' dir='ltr'>such</span> <span class='ocrx_word' id='word_1_6' title='bbox 384 561 464 602; x_wconf 87' lang='lat' dir='ltr'>verse</span> <span class='ocrx_word' id='word_1_7' title='bbox 477 561 508 600; x_wconf 87' lang='lat' dir='ltr'><strong>as</strong></span> <span class='ocrx_word' id='word_1_8' title='bbox 521 561 588 600; x_wconf 89' lang='lat' dir='ltr'><strong>men</strong></span> <span class='ocrx_word' id='word_1_9' title='bbox 600 562 648 599; x_wconf 85' lang='lat' dir='ltr'><strong>are</strong></span> <span class='ocrx_word' id='word_1_10' title='bbox 661 554 735 599; x_wconf 90' lang='lat' dir='ltr'><strong>wont</strong></span> <span class='ocrx_word' id='word_1_11' title='bbox 748 546 818 599; x_wconf 89' lang='lat' dir='ltr'>such</span> <span class='ocrx_word' id='word_1_12' title='bbox 832 543 918 600; x_wconf 86' lang='lat' dir='ltr'>cruell</span> <span class='ocrx_word' id='word_1_13' title='bbox 930 560 1032 600; x_wconf 86' lang='lat' dir='ltr'>warres</span> <span class='ocrx_word' id='word_1_14' title='bbox 1046 553 1076 598; x_wconf 84' lang='lat' dir='ltr'><strong>to</strong></span> <span class='ocrx_word' id='word_1_15' title='bbox 1088 543 1194 601; x_wconf 65' lang='lat' dir='ltr'>frame)</span> <span class='ocrx_word' id='word_1_16' title='bbox 1229 547 1331 601; x_wconf 82' lang='lat' dir='ltr'><strong>T.an</strong></span> 
     </span>
     <span class='ocr_line' id='line_1_3' title="bbox 180 615 1331 685; baseline -0.002 -12"><span class='ocrx_word' id='word_1_17' title='bbox 180 619 324 673; x_wconf 88' lang='lat' dir='ltr'><strong>derdown.</strong></span> <span class='ocrx_word' id='word_1_18' title='bbox 431 619 500 671; x_wconf 77' lang='lat'><strong>689.</strong></span> <span class='ocrx_word' id='word_1_19' title='bbox 517 619 699 685; x_wconf 74' lang='lat' dir='ltr'><strong>sintmiflsa,</strong></span> <span class='ocrx_word' id='word_1_20' title='bbox 712 615 800 670; x_wconf 87' lang='lat' dir='ltr'>missa</span> <span class='ocrx_word' id='word_1_21' title='bbox 811 616 925 670; x_wconf 86' lang='lat' dir='ltr'><strong>habeto.</strong></span> <span class='ocrx_word' id='word_1_22' title='bbox 995 620 1153 682; x_wconf 75' lang='lat' dir='ltr'><strong>tantisper</strong></span> <span class='ocrx_word' id='word_1_23' title='bbox 1164 617 1281 672; x_wconf 83' lang='lat' dir='ltr'>refertur</span> <span class='ocrx_word' id='word_1_24' title='bbox 1293 618 1331 672; x_wconf 85' lang='lat' dir='ltr'><strong>ad</strong></span> 
     </span>
     <span class='ocr_line' id='line_1_4' title="bbox 181 685 1331 759; baseline -0.001 -16"><span class='ocrx_word' id='word_1_25' title='bbox 181 699 293 759; x_wconf 86' lang='lat' dir='ltr'><strong>tempus</strong></span> <span class='ocrx_word' id='word_1_26' title='bbox 315 705 372 759; x_wconf 88' lang='lat' dir='ltr'><strong>quo</strong></span> <span class='ocrx_word' id='word_1_27' title='bbox 393 687 469 743; x_wconf 87' lang='lat' dir='ltr'>aliud</span> <span class='ocrx_word' id='word_1_28' title='bbox 491 697 519 741; x_wconf 89' lang='lat' dir='ltr'><strong>et</strong></span> <span class='ocrx_word' id='word_1_29' title='bbox 540 685 651 756; x_wconf 86' lang='lat' dir='ltr'><strong>longius</strong></span> <span class='ocrx_word' id='word_1_30' title='bbox 673 697 701 742; x_wconf 85' lang='lat' dir='ltr'><strong>et</strong></span> <span class='ocrx_word' id='word_1_31' title='bbox 723 686 825 741; x_wconf 88' lang='lat' dir='ltr'>iambis</span> <span class='ocrx_word' id='word_1_32' title='bbox 847 685 983 756; x_wconf 83' lang='lat' dir='ltr'>scriptum</span> <span class='ocrx_word' id='word_1_33' title='bbox 1004 703 1108 757; x_wconf 87' lang='lat' dir='ltr'>poema</span> <span class='ocrx_word' id='word_1_34' title='bbox 1127 687 1165 741; x_wconf 88' lang='lat' dir='ltr'><strong>ad</strong></span> <span class='ocrx_word' id='word_1_35' title='bbox 1184 687 1331 742; x_wconf 89' lang='lat' dir='ltr'>inimicum</span> 
     </span>
    </p>
   </div>
   <div class='ocr_carea' id='block_1_3' title="bbox 181 756 1332 1253">
    <p class='ocr_par' dir='ltr' id='par_1_3' title="bbox 181 756 1332 1253">
     <span class='ocr_line' id='line_1_5' title="bbox 181 756 1332 828; baseline -0.002 -14"><span class='ocrx_word' id='word_1_36' title='bbox 181 759 317 814; x_wconf 89' lang='lat' dir='ltr'>missurus</span> <span class='ocrx_word' id='word_1_37' title='bbox 330 758 373 812; x_wconf 64' lang='lat' dir='ltr'><strong>sit</strong></span> <span class='ocrx_word' id='word_1_38' title='bbox 411 760 495 812; x_wconf 86' lang='lat' dir='ltr'><strong>Tusc.</strong></span> <span class='ocrx_word' id='word_1_39' title='bbox 510 756 590 827; x_wconf 88' lang='lat' dir='ltr'><strong>Disp.</strong></span> <span class='ocrx_word' id='word_1_40' title='bbox 604 776 630 812; x_wconf 91' lang='lat' dir='ltr'><strong>v.</strong></span> <span class='ocrx_word' id='word_1_41' title='bbox 644 770 668 824; x_wconf 92' lang='lat'><strong>7.</strong></span> <span class='ocrx_word' id='word_1_42' title='bbox 683 772 718 811; x_wconf 90' lang='lat'><strong>20</strong></span> <span class='ocrx_word' id='word_1_43' title='bbox 729 758 790 811; x_wconf 83' lang='lat' dir='ltr'><strong>Sed</strong></span> <span class='ocrx_word' id='word_1_44' title='bbox 804 758 901 811; x_wconf 79' lang='lat' dir='ltr'><em>uidero</em></span> <span class='ocrx_word' id='word_1_45' title='bbox 918 758 990 827; x_wconf 84' lang='lat' dir='ltr'><em>quid</em></span> <span class='ocrx_word' id='word_1_46' title='bbox 1004 759 1112 827; x_wconf 84' lang='lat' dir='ltr'><strong>efficiat.</strong></span> <span class='ocrx_word' id='word_1_47' title='bbox 1149 758 1332 828; x_wconf 86' lang='lat' dir='ltr'>Tantisper</span> 
     </span>
     <span class='ocr_line' id='line_1_6' title="bbox 181 828 1331 900; baseline -0.003 -15"><span class='ocrx_word' id='word_1_48' title='bbox 181 830 232 885; x_wconf 77' lang='lat' dir='ltr'><strong>hoc</strong></span> <span class='ocrx_word' id='word_1_49' title='bbox 248 832 342 900; x_wconf 76' lang='lat' dir='ltr'><em>ipsum</em></span> <span class='ocrx_word' id='word_1_50' title='bbox 361 831 463 899; x_wconf 83' lang='lat' dir='ltr'><em>magni</em></span> <span class='ocrx_word' id='word_1_51' title='bbox 480 829 604 897; x_wconf 84' lang='lat' dir='ltr'><em>aestimo,</em></span> <span class='ocrx_word' id='word_1_52' title='bbox 622 829 701 897; x_wconf 85' lang='lat' dir='ltr'><em>quod</em></span> <span class='ocrx_word' id='word_1_53' title='bbox 709 829 864 898; x_wconf 68' lang='lat' dir='ltr'><em>pollicetur</em></span> <span class='ocrx_word' id='word_1_54' title='bbox 881 828 984 897; x_wconf 86' lang='lat' dir='ltr'>(Roby,</span> <span class='ocrx_word' id='word_1_55' title='bbox 1004 830 1064 882; x_wconf 87' lang='lat' dir='ltr'><strong>Lat.</strong></span> <span class='ocrx_word' id='word_1_56' title='bbox 1084 829 1180 884; x_wconf 87' lang='lat' dir='ltr'><strong>Gram.</strong></span> <span class='ocrx_word' id='word_1_57' title='bbox 1198 828 1225 884; x_wconf 89' lang='lat' dir='ltr'><strong>ii.</strong></span> <span class='ocrx_word' id='word_1_58' title='bbox 1242 830 1290 896; x_wconf 82' lang='lat'><strong>148</strong></span> <span class='ocrx_word' id='word_1_59' title='bbox 1294 829 1331 898; x_wconf 85' lang='lat'><strong>5),</strong></span> 
     </span>
     <span class='ocr_line' id='line_1_7' title="bbox 181 898 1332 969; baseline -0.002 -14"><span class='ocrx_word' id='word_1_60' title='bbox 181 901 241 955; x_wconf 83' lang='lat' dir='ltr'>‘for</span> <span class='ocrx_word' id='word_1_61' title='bbox 252 902 301 955; x_wconf 88' lang='lat' dir='ltr'><strong>the</strong></span> <span class='ocrx_word' id='word_1_62' title='bbox 319 900 449 969; x_wconf 85' lang='lat' dir='ltr'>present,’</span> <span class='ocrx_word' id='word_1_63' title='bbox 462 898 506 952; x_wconf 86' lang='lat' dir='ltr'><strong>‘in</strong></span> <span class='ocrx_word' id='word_1_64' title='bbox 525 899 574 954; x_wconf 87' lang='lat' dir='ltr'><strong>the</strong></span> <span class='ocrx_word' id='word_1_65' title='bbox 592 898 775 953; x_wconf 72' lang='lat' dir='ltr'><strong>meanwhile.¹</strong></span> <span class='ocrx_word' id='word_1_66' title='bbox 846 902 952 953; x_wconf 70' lang='lat' dir='ltr'><strong>subito</strong></span> <span class='ocrx_word' id='word_1_67' title='bbox 965 898 1080 967; x_wconf 84' lang='lat' dir='ltr'>‘hasty,’</span> <span class='ocrx_word' id='word_1_68' title='bbox 1092 899 1332 968; x_wconf 83' lang='lat' dir='ltr'><strong>‘extemporized.&#39;</strong></span> 
     </span>
     <span class='ocr_line' id='line_1_8' title="bbox 183 968 1330 1038; baseline -0.001 -13"><span class='ocrx_word' id='word_1_69' title='bbox 183 972 251 1026; x_wconf 90' lang='lat' dir='ltr'>Her.</span> <span class='ocrx_word' id='word_1_70' title='bbox 266 970 304 1024; x_wconf 89' lang='lat' dir='ltr'><strong>iii.</strong></span> <span class='ocrx_word' id='word_1_71' title='bbox 319 985 368 1038; x_wconf 87' lang='lat'><strong>103</strong></span> <span class='ocrx_word' id='word_1_72' title='bbox 387 987 449 1024; x_wconf 87' lang='lat' dir='ltr'><em>ossa</em></span> <span class='ocrx_word' id='word_1_73' title='bbox 466 970 529 1023; x_wconf 86' lang='lat' dir='ltr'><em>uiri</em></span> <span class='ocrx_word' id='word_1_74' title='bbox 544 969 655 1024; x_wconf 89' lang='lat' dir='ltr'><strong>subito</strong></span> <span class='ocrx_word' id='word_1_75' title='bbox 674 970 747 1023; x_wconf 84' lang='lat' dir='ltr'><em>male</em></span> <span class='ocrx_word' id='word_1_76' title='bbox 764 973 835 1023; x_wconf 84' lang='lat' dir='ltr'><em>tecta</em></span> <span class='ocrx_word' id='word_1_77' title='bbox 852 986 881 1022; x_wconf 79' lang='lat' dir='ltr'><strong>se</strong></span> <span class='ocrx_word' id='word_1_78' title='bbox 921 970 987 1037; x_wconf 86' lang='lat' dir='ltr'><em>lcr0,</em></span> <span class='ocrx_word' id='word_1_79' title='bbox 1004 968 1051 1022; x_wconf 91' lang='lat' dir='ltr'><strong>ubi</strong></span> <span class='ocrx_word' id='word_1_80' title='bbox 1071 970 1106 1024; x_wconf 84' lang='lat' dir='ltr'><strong>A.</strong></span> <span class='ocrx_word' id='word_1_81' title='bbox 1120 971 1232 1024; x_wconf 84' lang='lat' dir='ltr'>Palmer</span> <span class='ocrx_word' id='word_1_82' title='bbox 1249 970 1330 1024; x_wconf 85' lang='lat' dir='ltr'>affert</span> 
     </span>
     <span class='ocr_line' id='line_1_9' title="bbox 182 1040 1332 1111; baseline -0.001 -14"><span class='ocrx_word' id='word_1_83' title='bbox 182 1043 216 1097; x_wconf 89' lang='lat' dir='ltr'><strong>F.</strong></span> <span class='ocrx_word' id='word_1_84' title='bbox 231 1041 267 1097; x_wconf 91' lang='lat' dir='ltr'><strong>vi.</strong></span> <span class='ocrx_word' id='word_1_85' title='bbox 288 1053 337 1111; x_wconf 82' lang='lat'><strong>532</strong></span> <span class='ocrx_word' id='word_1_86' title='bbox 356 1041 414 1095; x_wconf 84' lang='lat' dir='ltr'><em>liba</em></span> <span class='ocrx_word' id='word_1_87' title='bbox 436 1041 577 1096; x_wconf 81' lang='lat' dir='ltr'><em>Traditur</em></span> <span class='ocrx_word' id='word_1_88' title='bbox 592 1042 624 1094; x_wconf 83' lang='lat' dir='ltr'><strong>in</strong></span> <span class='ocrx_word' id='word_1_89' title='bbox 642 1040 755 1094; x_wconf 88' lang='lat' dir='ltr'><strong>subito</strong></span> <span class='ocrx_word' id='word_1_90' title='bbox 773 1046 848 1094; x_wconf 83' lang='lat' dir='ltr'><em>cocta</em></span> <span class='ocrx_word' id='word_1_91' title='bbox 898 1041 970 1094; x_wconf 80' lang='lat' dir='ltr'><em>disse</em></span> <span class='ocrx_word' id='word_1_92' title='bbox 980 1041 1056 1110; x_wconf 83' lang='lat' dir='ltr'><em>foco.</em></span> <span class='ocrx_word' id='word_1_93' title='bbox 1126 1043 1193 1094; x_wconf 89' lang='lat'><strong>641.</strong></span> <span class='ocrx_word' id='word_1_94' title='bbox 1210 1044 1332 1106; x_wconf 73' lang='lat' dir='ltr'><strong>rogatis</strong></span> 
     </span>
     <span class='ocr_line' id='line_1_10' title="bbox 182 1110 1331 1183; baseline -0.001 -17"><span class='ocrx_word' id='word_1_95' title='bbox 182 1130 268 1183; x_wconf 81' lang='lat' dir='ltr'><strong>quam</strong></span> <span class='ocrx_word' id='word_1_96' title='bbox 290 1128 362 1181; x_wconf 88' lang='lat' dir='ltr'>quae</span> <span class='ocrx_word' id='word_1_97' title='bbox 384 1111 421 1165; x_wconf 88' lang='lat' dir='ltr'><strong>ab</strong></span> <span class='ocrx_word' id='word_1_98' title='bbox 443 1110 477 1165; x_wconf 85' lang='lat' dir='ltr'><strong>iis</strong></span> <span class='ocrx_word' id='word_1_99' title='bbox 497 1110 602 1180; x_wconf 85' lang='lat' dir='ltr'><strong>rogaui.</strong></span> <span class='ocrx_word' id='word_1_100' title='bbox 686 1113 757 1165; x_wconf 80' lang='lat'><strong>642.</strong></span> <span class='ocrx_word' id='word_1_101' title='bbox 775 1113 885 1165; x_wconf 72' lang='lat' dir='ltr'>fauore</span> <span class='ocrx_word' id='word_1_102' title='bbox 904 1110 1129 1179; x_wconf 87' lang='lat' dir='ltr'>‘countenance,&#39;</span> <span class='ocrx_word' id='word_1_103' title='bbox 1148 1111 1241 1180; x_wconf 88' lang='lat' dir='ltr'>‘good</span> <span class='ocrx_word' id='word_1_104' title='bbox 1259 1111 1331 1165; x_wconf 84' lang='lat' dir='ltr'>wilL’</span> 
     </span>
     <span class='ocr_line' id='line_1_11' title="bbox 181 1180 1322 1253; baseline 0 -15"><span class='ocrx_word' id='word_1_105' title='bbox 181 1189 259 1240; x_wconf 73' lang='lat' dir='ltr'>uota</span> <span class='ocrx_word' id='word_1_106' title='bbox 269 1186 378 1239; x_wconf 72' lang='lat' dir='ltr'><strong>fauore</strong></span> <span class='ocrx_word' id='word_1_107' title='bbox 389 1198 468 1251; x_wconf 76' lang='lat' dir='ltr'><strong>mea,</strong></span> <span class='ocrx_word' id='word_1_108' title='bbox 481 1183 607 1239; x_wconf 84' lang='lat' dir='ltr'><strong>clausula</strong></span> <span class='ocrx_word' id='word_1_109' title='bbox 618 1199 684 1239; x_wconf 88' lang='lat' dir='ltr'>uere</span> <span class='ocrx_word' id='word_1_110' title='bbox 695 1180 846 1237; x_wconf 85' lang='lat' dir='ltr'><strong>Ouidiana.</strong></span> <span class='ocrx_word' id='word_1_111' title='bbox 914 1183 985 1237; x_wconf 80' lang='lat'><strong>644.</strong></span> <span class='ocrx_word' id='word_1_112' title='bbox 1003 1185 1082 1248; x_wconf 80' lang='lat' dir='ltr'><strong>pede</strong></span> <span class='ocrx_word' id='word_1_113' title='bbox 1094 1180 1200 1253; x_wconf 87' lang='lat' dir='ltr'><strong>scripta</strong></span> <span class='ocrx_word' id='word_1_114' title='bbox 1212 1181 1322 1251; x_wconf 74' lang='grc' dir='ltr'>ἰάμβοις.</span> 
     </span>
    </p>
   </div>
   <div class='ocr_carea' id='block_1_4' title="bbox 0 0 1524 5010">
    <p class='ocr_par' dir='ltr' id='par_1_4' title="bbox 0 0 1524 5010">
     <span class='ocr_line' id='line_1_12' title="bbox 0 0 1524 5010; baseline 0 0"><span class='ocrx_word' id='word_1_115' title='bbox 0 0 1524 5010; x_wconf 95' lang='lat' dir='ltr'><strong> </strong></span> 
     </span>
    </p>
   </div>
  </div>
 </body>
</html>
