3038 5010
579 395 928 455 continuitatis.
1275 405 1330 458 115

183 552 259 622 quod
279 554 309 604 Β.
325 553 356 606 P.
372 554 408 607 N.
428 551 562 621 scriptum
581 552 667 605 fuisse
685 561 804 606 testatur
822 553 954 606 Schottus
972 553 1009 606 ad
1026 554 1091 607 Sen.
1106 555 1187 608 Cont.
1201 573 1226 609 x.
1240 556 1331 610 Praef.

182 627 247 676 221.
266 626 400 686 inpurus
413 623 552 690 significat
565 623 726 690 inpudicam
742 623 813 690 (Cat.
825 624 889 677 lxvi.
899 622 944 690 84)
958 634 985 677 et
999 623 1112 677 intimae
1125 624 1216 678 sortis.
1261 642 1331 689 pro-

182 697 290 758 lapsus
302 695 375 747 Salu.
387 694 466 746 affert
479 694 596 746 Phaedr.
609 693 646 746 iii.
660 706 699 760 15.
710 694 762 758 4-6
774 694 842 746 Non
854 695 935 746 illam
945 712 1056 762 quaero,
1067 713 1209 763 quaecum
1219 696 1332 749 libitum

181 771 228 832 est,
239 766 366 833 concipit,
377 765 451 816 Dein
460 768 560 833 portat
572 781 643 816 orins
654 765 782 833 ignotum
795 766 877 817 certis
889 766 1035 829 mensibus,
1045 767 1207 819 Nouissime
1213 767 1332 836 prolap-

181 853 242 887 sam
254 835 374 904 effundit
385 837 526 887 sarcinam
540 834 575 887 de
587 844 669 902 partu
682 844 788 888 temere
801 844 939 904 concepto
952 835 1092 904 editoque.
1149 839 1219 890 222.
1234 841 1332 902 ciny-

181 909 298 970 phium.
338 908 403 957 Non
423 905 508 959 credo
529 905 631 972 respici
652 905 746 958 hircos
767 905 921 974 Cinyphius
942 906 987 974 (G.
1005 905 1041 960 iii.
1056 921 1115 975 312,
1136 907 1184 961 Sil.
1202 906 1239 960 iii.
1258 909 1331 977 276),

165 993 246 1029 ‘cum
266 975 326 1029 sine
345 975 505 1029 huiusmodi
525 974 729 1043 significatione
749 976 861 1044 saepius
879 993 934 1029 uox
953 986 1108 1046 usurpetur,
1123 978 1202 1032 Pont.
1217 977 1245 1031 ii.
1259 992 1283 1044 7.
1297 991 1330 1047 25

183 1047 212 1100 C.
222 1048 328 1116 segetib,
344 1049 384 1100 M.
394 1065 436 1099 xv.
449 1058 499 1114 755
515 1047 538 1099 C
538 1088 544 1100 .
554 1046 662 1112 Iubam,
672 1064 698 1099 v.
711 1060 760 1111 124
775 1047 802 1100 C.
813 1048 932 1114 Pelates,
946 1048 1022 1100 Grat.
1036 1048 1104 1114 Cyn.
1116 1062 1150 1114 34
1164 1048 1192 1101 C.
1202 1049 1330 1118 paludes.

181 1120 271 1170 foedo
285 1126 381 1185 utpote
395 1117 510 1169 sordida
523 1126 612 1169 matre
624 1127 716 1170 natus.
778 1121 895 1181 pressit
912 1120 1044 1170 humum
1058 1118 1170 1171 ‘natum
1184 1119 1331 1186 significat.

182 1187 258 1240 humi
272 1187 348 1241 enim
361 1187 408 1256 qui
421 1187 480 1240 nati
490 1196 569 1240 erant
579 1186 800 1255 deponebantur.
833 1189 903 1242 Stat.
915 1189 943 1242 S.
954 1187 970 1242 i.
980 1203 1004 1241 2.
1018 1202 1066 1256 109
1080 1190 1180 1241 tellure
1191 1191 1331 1243 cadentem

181 1259 305 1328 Ercepi.²
332 1258 480 1311 Turnebus
492 1257 565 1310 Adu.
579 1256 642 1310 xxii.
656 1273 696 1310 11.
733 1258 843 1312 Ε2110111
856 1258 910 1311 tria
922 1259 1009 1312 uerba
1021 1258 1131 1318 iterauit
1146 1261 1215 1313 Stat.
1231 1262 1259 1314 S.
1270 1279 1295 1314 v.
1308 1272 1331 1328 5.

182 1329 223 1396 69.
314 1330 383 1381 223.
403 1331 536 1382 uniuerso
550 1345 583 1381 ex
596 1328 747 1381 aduersum
760 1328 785 1381 ei
799 1329 861 1382 loco
874 1346 930 1398 quo
943 1338 971 1383 te
983 1339 1074 1382 mater
1086 1329 1203 1398 peperit.
1245 1334 1331 1385 bubo

184 1401 223 1453 M.
240 1411 262 1467 5.
278 1411 336 1467 549,
351 1398 399 1452 Sil.
413 1398 469 1453 viii.
483 1399 543 1466 635.
582 1397 735 1467 Hipponax
747 1399 779 1452 ir.
796 1411 828 1466 54
841 1400 934 1468 Bergk
947 1399 1021 1469 κριγὴ
1034 1399 1061 1453 δὲ
1074 1405 1168 1469 νεκρῶν
1180 1399 1292 1470 ἄγγελός
1303 1423 1332 1454 τε

181 1471 222 1522 καὶ
235 1471 320 1539 κῆρυξ.
402 1472 472 1524 224.
492 1485 605 1534 graues
617 1469 654 1521 ad
667 1485 767 1522 uocem
780 1470 896 1523 refertur
910 1472 950 1524 M.
963 1469 1009 1523 xii.
1023 1485 1073 1536 203
1088 1472 1225 1541 grauiore
1237 1474 1331 1524 nomb-

181 1542 253 1593 sima
273 1541 350 1593 a'init
371 1541 457 1592 Verba
477 1557 551 1607 sono,
569 1543 736 1608 poteratque
755 1542 817 1593 uiri
835 1557 895 1593 nor
913 1540 966 1594 illa
987 1541 1088 1607 uideri,
1107 1558 1178 1610 quae
1201 1559 1265 1595 cum
1286 1541 1331 1596 hic

181 1610 306 1678 lugubris
320 1610 363 1677 sit,
377 1611 434 1664 fere
448 1610 523 1664 idem
536 1620 579 1663 est
593 1610 668 1679 quod
682 1611 812 1678 lugubres
827 1610 1036 1679 ‘melancholy.’
1137 1614 1208 1667 225.
1226 1615 1330 1675 pelus-

180 1685 285 1736 tribus
304 1684 399 1734 undis
422 1684 462 1734 M.
480 1680 533 1734 xiv.
551 1695 608 1748 103.
645 1682 735 1733 Erant
757 1681 873 1749 paludes
896 1680 924 1734 in
946 1680 1060 1748 regione
1080 1681 1220 1750 Cinyphia
1240 1684 1331 1751 (Grat.

183 1744 253 1819 Cyn.
266 1751 320 1819 34).
353 1753 463 1804 Harum
477 1751 505 1804 in
518 1751 641 1820 aliquam
655 1760 762 1819 partem
776 1751 855 1819 fingit
868 1761 953 1820 poeta
967 1751 1061 1820 Stygis
1075 1752 1165 1805 undas
1178 1752 1330 1822 influxisse,

182 1823 256 1875 unde
274 1838 376 1891 aquam
395 1832 537 1875 sumerent
551 1821 724 1875 Eumenides
738 1837 794 1890 qua
810 1839 908 1875 recens
924 1833 1022 1875 natum
1039 1823 1175 1876 infantem
1194 1824 1330 1877 lauarent.

181 1895 293 1961 Aquam
312 1893 466 1960 palustrem
485 1891 554 1945 dixit
572 1902 602 1944 ut
620 1892 800 1945 detern'mam
818 1910 890 1960 quae
902 1895 990 1963 pigro
1008 1894 1091 1962 lapsu
1110 1895 1184 1962 repit
1196 1895 1332 1963 pestilens

183 1964 290 2016 Colum.
307 1962 325 2016 i.
340 1975 363 2030 5.
471 1965 541 2015 226.
560 1978 639 2016 02112
657 1972 705 2015 aut
724 1962 761 2015 ad
780 1979 881 2016 cauum
899 1965 1016 2017 refertur
1035 1980 1091 2033 quo
1110 1980 1184 2033 aqua
1202 1963 1331 2018 consistit

182 2033 217 2086 ‘a
238 2035 303 2102 pool
326 2033 358 2085 of
374 2034 477 2100 water,'
497 2043 528 2086 ut
552 2051 624 2086 cauo
643 2032 752 2102 palude
775 2034 835 2087 Cat.
855 2033 917 2087 xvii.
938 2048 963 2102 4,
988 2035 1028 2088 Μ.
1047 2033 1082 2088 vi.
1102 2047 1150 2101 371
1175 2044 1231 2102 aut,
1254 2034 1330 2104 quod

181 2103 353 2172 exquisitius
370 2104 407 2157 ad
425 2104 511 2156 rimas
530 2121 564 2157 ac
582 2113 692 2156 meatus
711 2121 761 2172 per
780 2120 850 2172 quos
869 2122 903 2158 ex
922 2103 1016 2157 inferis
1034 2104 1145 2158 ducitur
1160 2103 1297 2173 ‘through
1313 2121 1331 2159 2

181 2175 282 2227 hollow
299 2175 436 2228 channel.'
549 2176 617 2229 227.
639 2178 794 2228 colubrae.
827 2176 889 2228 Has
909 2175 995 2228 etiam
1013 2192 1047 2229 ex
1067 2175 1194 2244 Cinyphe
1213 2174 1330 2243 induxit,

183 2246 223 2298 M.
237 2244 280 2297 vii.
299 2257 349 2311 272
368 2245 511 2313 Squamea
531 2245 667 2313 Cinyphii
685 2247 778 2297 tenuis
799 2246 959 2298 membrano
980 2245 1109 2315 cbely¹dm2
1164 2249 1236 2299 felle
1254 2246 1331 2315 quod

181 2332 321 2368 uenenum
344 2332 407 2369 esse
429 2314 601 2383 serpentium
623 2315 707 2369 tradit
731 2315 837 2369 Plinius
858 2318 894 2370 H.
916 2319 953 2370 N.
972 2315 1006 2370 xi.
1031 2317 1087 2383 163,
1111 2330 1167 2384 193,
1187 2316 1258 2370 xxix.
1282 2331 1328 2369 122

182 2385 347 2453 (Saluagn.).
423 2388 495 2437 228.
513 2392 694 2440 cruentatas
709 2386 845 2454 sanguine
858 2387 984 2440 nondum
998 2386 1047 2439 loti
1061 2386 1184 2441 infantis.
1232 2391 1331 2440 inore-

181 2472 277 2520 puere
289 2472 403 2510 manus
416 2456 492 2525 quod
510 2456 612 2509 natalis
630 2456 741 2524 signum
758 2458 880 2510 faustum
898 2457 965 2510 dicit
984 2457 1144 2526 Propertius
1160 2456 1197 2510 iii.
1215 2472 1253 2512 10.
1267 2473 1291 2525 3,
1305 2471 1331 2522 4.

183 2526 324 2579 Nimirum
349 2527 392 2579 cui
418 2528 511 2580 fausta
532 2526 692 2580 ominantur
714 2527 896 2594 Eumenides,
919 2527 942 2580 is
965 2527 1008 2581 dis
1031 2527 1109 2581 iratis
1119 2538 1214 2581 anatus
1236 2538 1279 2581 est
1302 2537 1330 2582 et

182 2596 275 2650 infelix
288 2597 399 2652 euadet.
513 2600 584 2650 229.
602 2601 779 2651 inbuerant.
804 2599 866 2652 he.
883 2607 919 2665 et,
938 2615 1005 2650 112111
1025 2598 1181 2664 inbuerant,
1200 2597 1330 2667 perbibit.

109 2702 113 2710 ·
182 2667 460 2736 Plusquamperfecto
479 2667 591 2721 uidetur
608 2667 708 2737 respici
728 2685 849 2737 sequens
866 2679 984 2722 euentus
1002 2669 1146 2722 Perbibit
1163 2672 1237 2721 111110
1255 2685 1331 2722 suae

180 2755 204 2791 r.
222 2755 260 2805 n,
281 2738 361 2807 quasi
383 2738 476 2792 dicat:
504 2740 549 2805 Et,
570 2738 635 2807 quia
656 2738 713 2791 iarn
731 2749 859 2792 tenerum
881 2739 1030 2792 inbuerant
1052 2738 1154 2792 canino
1175 2739 1255 2806 lacte,
1275 2738 1330 2807 pri-

181 2825 314 2878 mumque
336 2809 411 2862 hunc
433 2808 528 2862 cibum
550 2808 578 2861 in
598 2826 629 2861 os
651 2826 738 2877 puero
758 2808 926 2876 indiderant,
945 2809 1070 2862 fecerunt
1092 2818 1122 2861 ut
1144 2809 1222 2862 canis
1245 2809 1331 2862 ducta

181 2879 258 2933 rabie
283 2878 312 2931 in
337 2896 424 2932 uenas
449 2878 473 2932 is
498 2879 631 2933 euaderet
657 2879 703 2948 qui
728 2897 803 2932 nunc
827 2890 878 2946 est,
901 2880 999 2932 rabula
1023 2878 1177 2932 maledicus
1202 2879 1330 2932 latrator·

181 2966 243 3018 que.
304 2952 441 3003 infantie.
459 2949 573 3002 infantis
592 2960 622 3003 ut
641 2950 766 3019 infantia
785 2967 846 3002 ossa
867 2952 906 3003 M.
920 2949 955 3003 iv.
971 2950 1029 3016 518,
1048 2949 1099 3018 iuſs
1114 2952 1229 3018 pectora
1248 2950 1279 3002 F.
1294 2949 1328 3002 vi.

183 3032 239 3087 145.
322 3022 387 3074 231.
406 3023 549 3074 Perbibit
561 3020 734 3087 ‘absorbed,'
748 3020 827 3089 quasi
841 3030 900 3073 toto
914 3036 1038 3088 corpore.
1078 3021 1118 3071 M.
1131 3018 1166 3072 vi.
1181 3032 1231 3085 397
1250 3021 1331 3072 uenis

175 3091 298 3160 perbibit
314 3092 387 3144 111111.
448 3095 568 3144 rabiem
588 3092 627 3144 M.
644 3090 697 3145 xiv.
711 3091 745 3143 66
763 3108 864 3144 canum
883 3091 978 3143 rabies.
1041 3093 1175 3143 nutricis
1193 3088 1279 3156 canis,
1299 3099 1329 3142 ut

180 3162 247 3228 lupa
268 3160 349 3215 altrix
372 3160 473 3215 dicitur
494 3164 695 3228 Romanorum,
718 3170 745 3214 et
768 3160 796 3213 hi
819 3160 924 3214 alumni
947 3160 1006 3213 eius
1030 3161 1111 3228 Prop.
1131 3159 1166 3214 iv.
1185 3175 1206 3213 1.
1225 3172 1267 3227 37,
1286 3160 1327 3226 38.

180 3234 250 3285 232.
271 3236 381 3285 Latrat
400 3233 483 3285 Rosc.
503 3233 566 3285 Am.
587 3233 601 3298 §
618 3244 650 3299 57
668 3231 737 3285 Alii
753 3231 945 3298 (accusatores)
965 3247 1045 3283 canes
1063 3232 1116 3299 qni
1130 3235 1158 3283 et
1178 3230 1286 3282 latrare
1302 3235 1331 3283 et

181 3303 305 3355 mordere
317 3305 445 3371 possunt.
484 3304 592 3355 Colum.
614 3303 702 3355 Praef.
722 3301 737 3354 i.
754 3317 771 3370 9
791 3303 837 3355 Ne
854 3302 988 3356 caninum
1007 3302 1126 3369 qm'dem,
1145 3303 1218 3353 sicnt
1235 3301 1331 3353 dixere

181 3379 292 3440 ueteres,
316 3374 443 3426 studium
466 3374 663 3442 praestantius
686 3372 933 3442 locupletissimum
958 3369 1092 3440 quemque
1115 3371 1283 3425 adlatrandi
1304 3376 1333 3423 et

180 3449 278 3496 contra
295 3444 496 3496 innocentesac
506 3448 563 3513 pro
578 3444 743 3496 nocentibus.
768 3441 872 3510 (Forc.)
917 3446 1017 3495 uerba
1035 3445 1155 3495 02111112.
1194 3441 1241 3494 Sic
1254 3443 1329 3494 cani-

181 3529 247 3565 nam
261 3514 432 3581 facundiam
452 3513 600 3567 Sallustius
621 3530 665 3582 ap.
688 3514 764 3567 Lact.
781 3513 815 3566 vi.
833 3514 856 3580 8,
879 3515 953 3566 Non.
970 3512 1013 3578 60,
1031 3511 1125 3582 Appio
1144 3512 1174 3564 id
1195 3511 1330 3579 tribuenS,

181 3585 312 3636 caninam
331 3584 516 3652 eloquentiam
536 3584 611 3636 idem
630 3583 738 3653 Appius
758 3601 801 3652 ap.
820 3583 933 3651 Quintil.
950 3581 996 3636 xii.
1010 3598 1032 3651 9.
1049 3598 1065 3651 9
1082 3581 1189 3636 dixerat
1215 3582 1249 3651 (F
1252 3581 1330 3649 010).

180 3655 250 3707 Vell.
275 3655 304 3707 P.
326 3653 353 3708 ii.
373 3655 406 3706 62
432 3655 563 3708 tribunus
588 3655 748 3707 Cannutius
771 3657 875 3707 canina
899 3654 975 3706 rabie
998 3654 1137 3707 lacerabat
1160 3653 1328 3706 Antonium.

181 3727 250 3777 233.
277 3727 445 3789 ferrugine.
484 3725 617 3778 Luridum
643 3725 766 3777 colorem
788 3724 898 3778 uidetur
923 3723 1089 3792 significare,
1112 3733 1142 3776 ut
1168 3725 1202 3778 G.
1224 3725 1244 3776 I.
1268 3723 1331 3788 467,

180 3795 251 3848 Aen.
271 3794 305 3848 vi.
327 3810 387 3862 303,
408 3797 448 3848 M.
464 3814 506 3848 xv.
527 3797 586 3862 789,
607 3794 782 3864 Propertium
800 3796 919 3848 fortasse
938 3795 1063 3848 imitatus
1082 3794 1118 3848 iv.
1132 3808 1156 3861 3.
1173 3809 1204 3859 14
1227 3795 1331 3846 Traxit

180 3866 214 3917 ab
226 3882 320 3918 euerso
332 3867 444 3919 lucerina
456 3869 542 3936 nigra
554 3882 627 3934 rogo.
683 3869 798 3928 pennis
815 3883 879 3918 curn
897 3876 1060 3934 contemptu
1076 3865 1112 3918 de
1126 3864 1221 3918 fasciis
1236 3863 1328 3932 (Truc.

181 3954 205 3989 v.
221 3935 262 4002 13)
276 3935 377 4005 quibus
391 3935 606 3989 inuoluebantur
619 3935 748 3989 infantes.
820 3939 890 3991 234.
908 3939 990 3989 mele
1007 3940 1132 3990 deserto
1145 3934 1330 3989 ‘abandoned

181 4023 212 4059 as
226 4007 378 4073 accursed,'
389 4006 511 4059 hominis
526 4006 651 4059 damnati
664 4005 801 4074 (Domit.).
840 4010 924 4060 Male
937 4017 979 4060 est
992 4017 1106 4075 propter
1119 4005 1257 4059 maleficia
1270 4005 1329 4058 eius
1355 4048 1361 4058 .

181 4077 228 4145 qui
242 4076 280 4129 ibi
294 4077 456 4130 combustus
470 4086 538 4130 erat.
574 4079 619 4129 An
633 4086 675 4130 est
689 4075 743 4145 iq.
757 4078 832 4129 uix?
869 4079 937 4130 Hor.
953 4078 981 4131 S.
995 4077 1023 4130 ii.
1033 4079 1058 4130 6.
1069 4077 1103 4130 86
1118 4078 1232 4147 cupiens
1244 4077 1331 4128 ucria

172 4148 297 4215 fastidiis
314 4164 380 4201 cena
398 4149 509 4200 Vincere
525 4148 667 4216 tangentis
684 4147 757 4199 neale
768 4149 883 4216 singula
895 4149 975 4201 dente
990 4148 1113 4217 superbo.
1153 4148 1263 4200 Petron.
1281 4159 1330 4212 119

180 4218 335 4270 Persarum
357 4220 418 4271 ritu
440 4219 513 4271 male
528 4218 739 4287 pubescentibus
759 4220 844 4270 annis
863 4219 1036 4286 Subripuere
1054 4219 1138 4270 uiros.
1178 4216 1286 4283 (Hand.
1305 4229 1328 4281 3.

181 4304 207 4356 p.
219 4288 289 4356 585.)
317 4288 355 4341 At
366 4289 388 4341 si
399 4290 453 4341 hoc
464 4289 607 4354 uoluisset,
618 4287 741 4355 dixisset,
753 4288 845 4354 credo,
855 4288 883 4340 A
896 4290 975 4342 modo
984 4289 1096 4341 deserto.
1148 4289 1217 4340 236.
1233 4288 1329 4337 Molle

181 4368 211 4411 ut
228 4357 342 4411 infantis
356 4359 417 4412 ‘his
429 4359 506 4427 baby
517 4359 608 4412 head.'
645 4358 726 4411 ‘And
743 4358 798 4413 lest
813 4359 874 4411 that
892 4375 929 4410 on
947 4359 994 4411 the
1007 4357 1116 4426 ground
1132 4374 1182 4410 soo
1195 4357 1271 4421 bare,
1285 4353 1329 4406 his

181 4428 256 4481 head
273 4428 375 4481 should
391 4430 436 4496 lye
453 4431 535 4482 alone
556 4432 614 4482 Not
633 4429 720 4482 boren
740 4445 786 4496 up,
804 4430 882 4481 there
901 4428 991 4481 under
1006 4429 1072 4495 they
1090 4428 1144 4480 doe
1163 4427 1208 4493 lay
1224 4442 1241 4478 a
1258 4423 1329 4475 hard

182 4497 258 4552 Flint
278 4501 372 4552 stone'
385 4501 417 4552 T.
429 4500 616 4554 Vnderdown.
732 4501 798 4554 237.
819 4502 915 4552 uiridi
934 4515 990 4566 quo
1003 4496 1124 4550 amarior
1136 4496 1228 4548 fumus
1242 4494 1328 4546 fieret.

732 4584 787 4633 12
