3038 5010
235 396 290 451 152
625 388 972 452 COMMENTARIVS.

231 545 373 616 Ἀργυρίων
392 545 528 602 ὑπόπλεως
548 545 653 615 (Bergk
672 547 703 601 P.
718 547 747 600 L.
767 563 795 616 p.
811 545 898 614 1202).
942 543 1029 598 Πολὺ
1050 541 1073 597 δ’
1094 542 1311 614 ἀσελγεστέρᾳ
1332 544 1382 598 καί

231 616 465 685 ἀναπεπταμένῃ
478 619 598 686 μᾶλλον
610 618 652 671 είς
664 618 716 670 τόν
726 616 943 684 Θεμιστοκλέα
954 616 1143 684 βλασφημίᾳ
1156 616 1304 685 κέχρηται
1317 617 1381 683 μετὰ

231 687 277 754 τὴν
292 686 378 757 φυγὴν
394 687 472 741 αὖτοῦ
490 689 531 740 καὶ
548 687 595 754 τὴν
611 684 746 753 καταδίκην
758 689 773 739 δ
784 686 929 757 Τιμοκρέων
945 684 1016 773 δσμα
1034 687 1152 754 ποιήσας,
1166 685 1196 739 οὗ
1214 686 1287 740 ε’στιν
1304 685 1382 757 ὀρχη·

233 762 328 810 Μοῦσα
345 757 420 811 τοῦδε
439 760 485 810 τοῦ
502 756 594 826 μέλεος
606 756 689 812 Κλέος
707 755 883 812 ἀν’Ἕλλανας
901 757 965 810 τίθει
986 763 1022 810 Ως
1040 756 1121 810 εὀικδς
1138 757 1179 809 καὶ
1196 756 1300 811 δίκαιον.
1338 757 1381 812 Cf.

234 827 337 881 Suidas
354 844 377 883 s.
389 845 414 881 u.
429 829 581 895 Τιμοκρέων·
600 827 636 882 είς
651 827 680 879 δν
694 826 937 895 (Themistoclem)
952 828 992 880 καὶ
1005 826 1117 895 ε’ξίιφανε
1130 827 1231 896 ψόγον
1244 826 1280 879 δι’
1292 827 1306 879 ε’
1310 850 1381 895 μμε-

231 899 306 952 λοῡς
323 898 407 952 τινός
423 919 473 950 ποι
483 897 490 914 ’
498 919 598 966 ματος.
634 897 803 951 Timocreon
820 908 905 966 poeta
919 897 1022 966 lyricus
1035 897 1112 965 (uide
1125 896 1332 950 Bemhardium
1344 898 1382 953 ad

234 967 313 1022 Suid.
327 967 354 1020 ii.
373 984 401 1036 p.
417 921 494 1035 1143i
508 969 571 1022 exul
584 968 619 1022 de
632 968 723 1036 patria
737 970 839 1037 Ialyso,
853 968 921 1021 urbe
934 967 1056 1035 Rhodia,
1068 967 1145 1037 quod
1159 967 1253 1020 Medis
1265 968 1381 1037 faueret,

233 1055 298 1092 cum
311 1037 433 1092 amicum
444 1038 665 1093 Themistoclem
677 1039 779 1091 frustra
792 1039 968 1107 implorasset
978 1048 1009 1091 ut
1022 1037 1050 1090 in
1063 1038 1184 1107 patriam
1194 1048 1381 1106 reuocaretur,

232 1125 337 1179 poema
355 1108 466 1177 scripsit
488 1125 544 1178 quo
565 1125 630 1162 eum
651 1109 787 1177 arguebat
805 1119 951 1189 tamquam
973 1117 1068 1177 spreta
1088 1107 1212 1161 amicitia
1232 1107 1382 1176 pecuniam

233 1178 390 1249 accepisset
408 1196 444 1232 ne
463 1179 517 1232 sibi
535 1178 657 1233 reditum
676 1179 807 1233 efficeret.
844 1178 1011 1249 Diciturque
1024 1178 1229 1232 Themistocles
1247 1178 1308 1247 ipse
1325 1179 1382 1232 sus·

232 1249 353 1318 fragium
375 1259 473 1303 contra
494 1249 723 1304 Timocreontem
745 1250 780 1303 de
800 1248 940 1302 medismo
959 1266 1038 1302 reum
1060 1248 1166 1304 tulisse.
1211 1250 1274 1303 Nec
1293 1249 1382 1302 semel

232 1329 344 1373 tantum
357 1319 526 1373 Timocreon
543 1336 609 1373 eum
624 1319 776 1387 lacessiuit‚
789 1319 839 1373 sed
852 1319 908 1372 alia
920 1318 1005 1374 etiam
1019 1318 1129 1387 scripsit
1142 1328 1294 1388 postquam
1307 1320 1383 1373 The·

233 1389 377 1444 mistocles
399 1391 462 1443 exul
483 1389 544 1458 ipse
565 1390 655 1444 factus
678 1399 729 1444 est.
773 1391 866 1458 Quam
887 1405 1005 1457 asperae
1026 1388 1138 1458 linguae
1160 1389 1242 1443 fuerit
1263 1398 1383 1443 testatur

233 1460 409 1529 epigramma
421 1477 466 1529 ap.
476 1461 579 1514 Athen.
590 1472 640 1528 415
652 1461 745 1512 Πολλὰ
757 1462 850 1529 φαγὼν
859 1461 899 1512 καὶ
910 1461 999 1513 πολλὰ
1011 1462 1076 1513 πιὼν
1089 1460 1129 1511 καὶ
1141 1460 1230 1512 πολλὰ
1242 1460 1295 1511 κάκ’
1305 1460 1383 1514 εἰπὼν

233 1531 396 1598 Ἀνθρώπους
408 1533 491 1599 κεῖμαι
503 1530 647 1599 Τιμοκρέων
658 1528 763 1584 Ῥόδιος.
835 1532 905 1583 526.
923 1533 1052 1584 dextera
1063 1533 1149 1584 laesa
1160 1547 1178 1583 a
1191 1528 1383 1583 Themistocle

232 1601 339 1655 uiolata
347 1600 417 1654 fides
426 1599 953 1668 amicitiae,ef.Aen.iv.597Endertra
953 1601 1087 1669 fidesque.
1108 1600 1192 1668 Quod
1200 1617 1269 1654 sane
1277 1600 1383 1654 durius.

233 1671 307 1725 Vide
321 1674 487 1725 Excursum.
558 1674 627 1725 527.
641 1671 738 1739 Steph.
753 1672 783 1724 B.
797 1687 818 1724 s.
830 1688 855 1724 u.
868 1669 1000 1741 Ὀρέσται.
1020 1671 1148 1738 Θεαγένης
1160 1670 1186 1724 έν
1200 1670 1383 1724 Μακεδονικοῖς

233 1745 317 1812 φησιν
329 1741 369 1794 ὅτι
387 1741 442 1795 ἐπεὶ
458 1740 552 1809 ἀφείθη
569 1744 614 1808 τῆς
631 1743 720 1808 μανίας
731 1739 864 1809 Ὀρέστης,
877 1739 981 1811 φεύγων
993 1740 1036 1794 διὰ
1053 1740 1099 1808 τὴν
1111 1741 1174 1793 aiot>
1189 1741 1253 1810 μετὰ
1269 1741 1314 1808 τῆς
1324 1738 1384 1809 ‘Ep-

232 1815 321 1901 μιόνης
334 1811 370 1866 είς
381 1809 474 1878 ταύτην
485 1809 549 1876 ἦλθε
561 1810 607 1878 τὴν
618 1813 667 1880 γῆν
679 1811 719 1862 καὶ
730 1811 809 1864 παῖδα
822 1811 855 1864 έσ
874 1833 901 1864 εν
912 1807 1047 1880 Ὀρέστην,
1057 1809 1087 1863 οὗ
1099 1811 1224 1880 ἄρξαντος
1236 1809 1385 1879 ἐκλήθησαν

242 1883 364 1950 Ορέστου
391 1881 465 1936 αὐτὸς
484 1880 514 1934 δὲ
533 1881 583 1934 ὑπὸ
603 1880 705 1950 ἐχίδνης
723 1880 826 1951 δηχθεὶς
844 1833 947 1950 dhorn
965 1882 1002 1937 εἷς
1019 1881 1113 1951 χωρίον
1131 1883 1175 1948 τῆς
1192 1879 1335 1951 Ἀρκαδίας,
1353 1882 1384 1934 τὸ

233 1954 374 2022 λεγόμενον
386 1949 545 2021 Ὀρέστειον.
581 1952 692 2005 Eadem
711 1952 797 2006 habet
817 1952 912 2006 Schol.
930 1951 1026 2021 Eurip.
1044 1953 1135 2005 Orest.
1154 1952 1228 2019 1645,
1242 1953 1332 2005 Tzetz.
1346 1951 1384 2004 ad

234 2024 302 2091 Lyc.
314 2036 388 2090 1374.
447 2025 517 2076 528.
536 2025 626 2076 uirus
638 2025 773 2076 habente
786 2021 870 2077 Trist.
884 2021 919 2077 iv.
932 2038 952 2076 1.
967 2024 1001 2088 84
1013 2022 1068 2075 telo
1080 2024 1163 2075 uirus
1174 2022 1289 2075 habente
1296 2023 1382 2091 perit.

233 2096 303 2147 529.
323 2096 462 2158 coniugii
479 2108 543 2146 nox
557 2096 667 2156 prima.
706 2093 771 2146 Sen.
787 2094 919 2147 Controu.
933 2093 950 2147 i.
964 2108 988 2147 2.
1002 2108 1036 2146 22
1050 2094 1130 2146 Burs.
1143 2094 1288 2145 Nouimus
1299 2093 1384 2145 istam

233 2165 404 2216 maritorum
432 2164 638 2230 abstinentiam,
665 2165 718 2232 qui
739 2164 852 2216 etiamsi
875 2163 1014 2231 primam
1041 2162 1227 2231 uirginibus
1255 2161 1385 2215 timidis

233 2233 393 2288 remisere
412 2243 551 2301 noctem,
570 2234 674 2286 uicinis
691 2238 785 2286 tumen
804 2233 872 2286 locis
889 2234 1000 2287 ludunt.
1084 2236 1259 2288 nouissima
1276 2231 1385 2287 ultima.

233 2307 304 2359 530.
317 2307 456 2368 Eupolis.
473 2305 507 2357 A.
517 2303 599 2357 P.vii.
608 2304 660 2371 298
668 2302 727 2355 Atat
736 2307 812 2356 τοῦτο
823 2303 1019 2370 κόκιστον,όταν
1026 2304 1136 2357 κλαίωσι
1145 2304 1254 2357 θανόντα
1262 2303 1386 2372 Νυμφίον

232 2372 247 2440 ἢ
268 2373 379 2444 νύμφην·
398 2373 469 2440 ἡνίκα
488 2371 510 2425 δ’
528 2372 699 2442 ἀμφοτέρους,
714 2375 829 2426 Εὔπολιν
847 2374 881 2427 ὡς
898 2373 996 2444 ἀγαθήν
1014 2394 1042 2428 τε
1057 2374 1199 2434 Λυκαίνιον,
1217 2374 1251 2426 ὧν
1267 2372 1387 2442 ὑμέναιον

226 2441 363 2508 Ἔσβεσεν
376 2443 403 2497 έν
416 2444 504 2512 πρώτη
522 2444 592 2496 νυκτὶ
610 2445 698 2498 πεσὼν
714 2444 838 2512 θάλαμος,
852 2444 904 2497 Οὔκ
920 2444 1004 2497 ἄλλου
1020 2444 1080 2497 τόδε
1097 2444 1173 2509 κῆδος
1187 2441 1338 2513 ίσόῤῥοπον,
1351 2443 1387 2498 ὥς

235 2515 270 2568 σὺ
294 2514 340 2583 μέν
361 2516 424 2580 υἱόν,
444 2516 513 2580 Nixi,
535 2513 570 2566 σὺ
594 2512 615 2566 δΙ
638 2514 776 2580 ἔκλαυσας,
798 2513 914 2578 θεόδικε,
935 2513 1063 2584 θυγατέρα
1088 2514 1198 2582 (Consi.
1224 2513 1385 2581 Fanensis).

235 2584 333 2640 Etiam
345 2585 432 2638 Anth.
447 2585 476 2637 P.
491 2583 525 2638 ix.
536 2598 587 2649 422
602 2582 746 2651 Diogenes
760 2583 876 2653 quidam
889 2584 990 2639 dicitur
1001 2601 1107 2638 nouum
1120 2585 1211 2639 iniens
1224 2584 1386 2652 coniugium

234 2655 327 2725 prima
339 2665 422 2709 nocte
435 2671 500 2708 cum
512 2663 601 2723 nupta
613 2653 737 2723 periisse.
810 2659 876 2711 531.
888 2659 1111 2709 cothurnatum
1123 2655 1261 2724 tragicum
1270 2665 1385 2724 poetam

234 2728 299 2780 Am.
317 2725 344 2780 ii.
361 2727 400 2780 18.
420 2726 451 2778 18
462 2742 479 2777 :⁴
496 2724 537 2778 sic
555 2724 754 2778 cothurnatum
773 2732 866 2779 uatem
885 2725 953 2780 dicit
972 2725 1138 2795 Euripidem
1159 2738 1216 2794 595.
1288 2728 1387 2790 Ιησο-

234 2800 359 2862 phrone
371 2798 460 2849 Tzetz.
476 2796 569 2849 Schol.
585 2798 651 2864 Lyc.
664 2812 690 2864 p.
702 2797 753 2863 263
769 2797 871 2850 Miiller
881 2794 912 2848 ‘0
925 2798 1069 2867 Λυκόφρων
1081 2800 1117 2868 τῷ
1131 2798 1177 2864 μὲν
1208 2794 1256 2847 ένει
1272 2793 1302 2862 ἦν
1314 2797 1386 2847 Χαλ-

235 2867 319 2922 κιδεὺς
336 2868 389 2921 υίδς
407 2866 547 2928 Σωκλέους,
565 2863 581 2933 ἢ
601 2865 684 2919 Λύκου
702 2871 748 2920 τοῦ
767 2867 974 2936 ἱστοριογράφου
992 2868 1056 2920 κατά
1074 2888 1150 2922 τινας.
1187 2819 1218 2932 όν
1236 2865 1264 2918 δέ
1282 2863 1319 2920 είς
1335 2871 1387 2918 τῶν

235 2937 300 2991 ἔπτὰ
312 2942 431 3004 ποιητῶν,
443 2933 534 2990 οἵτινες
552 2936 592 2988 διὰ
610 2938 641 2989 τδ
658 2936 723 2990 ἑπτὰ
740 2931 803 2990 εἶναι
817 2939 862 3004 τῆς
876 2937 999 2992 πλειάδος
1017 2937 1148 3004 ἐλέγοντο.
1185 2935 1252 3003 ἦσαν
1270 2936 1298 2989 δέ
1316 2931 1387 2989 οὔτοι

235 3008 264 3060 έν
272 3010 376 3078 χρόνοις
388 3007 550 3075 Πτολεμαίου
561 3010 607 3060 τοῦ
620 3007 789 3076 Φιλαδέλφου
801 3009 842 3060 καὶ
851 3007 990 3076 Βερενίκης.
1028 3007 1109 3061 Idem
1122 3007 1189 3061 dicit
1200 3007 1388 3087 Lycophrona

236 3079 272 3144 64
284 3079 330 3132 uel
342 3078 378 3143 46
390 3076 550 3146 tragoedias
564 3076 710 3146 scripsisse
723 3087 835 3146 praeter
846 3078 1037 3132 Alexandram
1052 3078 1061 3144 (
1083 3119 1089 3132 .
1103 3076 1176 3145 270),
1189 3095 1224 3131 ex
1237 3077 1338 3146 qulbus
1355 3091 1388 3144 19

235 3148 353 3202 nomina
368 3148 474 3201 habent
492 3164 536 3216 ap.
551 3147 668 3202 Suidam
682 3147 808 3215 (Clinton
822 3149 854 3202 F.
869 3150 907 3202 H.
920 3147 956 3202 iii.
977 3165 1003 3217 p.
1020 3095 1088 3216 5025.
1161 3150 1230 3202 532.
1248 3151 1388 3201 Haereat

235 3222 301 3273 fixa
319 3220 386 3288 figat
405 3235 436 3272 se
454 3227 482 3272 et
500 3219 624 3273 haereat.
694 3220 784 3272 fibris
803 3218 863 3272 siue
881 3218 981 3272 iecoris
1000 3218 1060 3272 siue
1078 3218 1226 3288 pulmonis.
1266 3220 1330 3271 Hoc
1350 3218 1388 3271 ab

237 3289 294 3343 alio
319 3289 432 3343 nemine
456 3288 568 3342 uidetur
588 3287 728 3343 traditum.
770 3289 829 3343 Sed
850 3306 907 3342 non
930 3289 991 3344 sine
1013 3306 1099 3342 causa
1118 3288 1309 3359 Lycophronis
1329 3290 1392 3341 atri

237 3360 320 3428 (Stat.
343 3361 371 3413 S.
392 3378 417 3414 v.
440 3373 464 3426 3.
488 3359 547 3426 157)
568 3358 741 3412 mentionem
762 3359 828 3414 fecit
849 3370 935 3429 poeta
956 3358 1054 3428 ibidis,
1075 3359 1206 3413 carminis
1228 3359 1274 3412 uix
1294 3359 1388 3412 minus

236 3429 415 3485 tenebricosi.
459 3428 514 3497 Qui
537 3429 613 3499 quod
633 3429 833 3483 cothurnatum
855 3447 919 3484 eum
941 3440 1032 3498 uocat,
1052 3429 1174 3499 respexit
1195 3429 1281 3483 credo
1301 3430 1388 3482 Alex·

237 3502 357 3555 andram
375 3516 448 3569 quae
466 3500 527 3552 sola
546 3499 622 3552 dicta
640 3509 683 3554 est
702 3499 716 3567 ἡ
735 3501 863 3573 τραγῳδία
883 3501 988 3570 (Schol.
1009 3501 1075 3568 Lyc.
1092 3500 1179 3568 1226),
1197 3499 1232 3554 cf.
1244 3498 1386 3552 Welckeri

237 3571 350 3626 Griech.
364 3572 447 3638 Trag.
461 3569 498 3622 iii.
517 3585 543 3637 p.
561 3582 636 3638 1259.
742 3574 811 3625 533.
828 3575 913 3625 lacer
930 3586 1085 3636 spargare.
1124 3570 1171 3625 Sic
1189 3571 1224 3624 de
1240 3570 1340 3624 eadem
1356 3587 1387 3623 re

238 3643 278 3694 M.
302 3641 340 3694 iii.
364 3653 422 3708 522,
445 3654 461 3706 3
483 3640 569 3693 Mille
592 3641 669 3693 lacer
689 3645 821 3712 spargere
842 3643 917 3711 locis,
938 3647 966 3695 et
984 3643 1123 3712 sanguine
1143 3641 1233 3694 siluas
1252 3640 1388 3693 Foedabis

236 3717 410 3779 matremque
430 3715 510 3763 tuam
532 3712 687 3779 matrisque
707 3728 819 3765 sorores.
962 3715 1031 3766 534.
1058 3728 1159 3776 angue
1180 3717 1304 3765 oreatus
1326 3726 1388 3764 ouo

238 3783 390 3848 Pentheus,
412 3779 484 3833 filius
505 3779 651 3848 Echionis,
669 3797 758 3850 nepos
779 3782 879 3836 Cadmi
898 3782 1027 3851 Apollod.
1048 3782 1084 3836 iii.
1105 3797 1130 3848 4.
1151 3797 1173 3850 1,
1192 3781 1230 3834 iii.
1252 3794 1273 3850 5.
1294 3796 1319 3848 2,
1338 3780 1386 3849 qui

237 3867 255 3904 a
268 3860 357 3903 matre
370 3859 398 3903 et
410 3849 567 3904 materteris
582 3850 738 3920 discerptus
751 3862 802 3906 est.
843 3855 909 3906 Eur.
925 3854 1037 3921 Bacch,
1050 3855 1076 3906 T
1077 3853 1155 3906 heoc.
1170 3852 1241 3906 xxvi.
1296 3872 1300 3877 ·
1316 3854 1385 3905 535.

236 3923 321 3975 feros
340 3919 440 3973 ‘rude'
485 3921 567 3988 Verg.
588 3923 622 3975 E.
644 3933 665 3989 5.
686 3936 716 3974 21
738 3929 896 3991 montesque
907 3923 973 3992 seri
991 3924 1135 3992 siluaeque
1153 3924 1291 3977 locuntur.
1339 3920 1387 3975 Sic

237 4008 316 4044 rnare
330 3990 431 4059 serum
454 3991 513 4044 Cat.
537 3990 602 4045 lxiii.
625 4006 667 4059 40,
683 3992 760 4061 feris
780 3992 912 4062 Scythiae
932 3993 1147 4062 Sarmaticeque
1167 3994 1245 4064 iuges
1263 3990 1346 4045 Trist.
1368 3991 1386 4046 i.

237 4062 263 4115 8.
282 4075 324 4126 40.
455 4064 522 4114 536.
548 4065 685 4115 eonitmx
711 4061 804 4117 Dirce.
855 4065 930 4132 Hyg.
950 4076 965 4128 7
988 4065 1078 4133 Lycus
1100 4064 1206 4117 Dircen
1231 4064 1263 4115 in
1286 4064 1387 4114 matri·

236 4133 363 4186 monium
379 4131 470 4198 duxit,
483 4133 532 4183 cui
546 4134 667 4202 suspicio
684 4133 786 4186 incidit
802 4135 899 4187 uirum
916 4150 1000 4187 suum
1016 4135 1166 4188 cherucum
1178 4135 1307 4202 Antiopa
1324 4149 1387 4186 con·

235 4203 376 4274 cubuisse:
393 4202 489 4270 itaque
500 4203 655 4271 imperauit
656 4202 782 4271 famulis
793 4210 827 4256 ut
837 4221 898 4256 eam
910 4205 941 4257 in
953 4205 1072 4257 tenebris
1081 4206 1206 4258 uinctam
1218 4203 1386 4257 clauderent.

236 4274 285 4328 cui
300 4275 451 4341 postquam
471 4275 577 4341 portus
600 4273 731 4340 instabat,
755 4275 855 4343 effugit
877 4291 914 4327 ex
936 4275 1059 4328 uinculis
1082 4277 1161 4328 Iouis
1185 4275 1331 4327 uoluntate
1355 4276 1387 4326 in

237 4348 358 4396 montem
372 4341 564 4396 Cithaeronem
573 4363 584 4397 .·
601 4360 717 4412 cumque
729 4347 836 4413 portus
846 4348 987 4413 premeret
1000 4350 1029 4398 et
1043 4351 1189 4414 quaereret
1204 4345 1254 4398 ubi
1262 4348 1386 4414 pareret,

237 4415 320 4469 dolor
337 4429 398 4465 eam
419 4413 451 4465 in
472 4414 533 4482 ipso
554 4414 629 4467 biuio
649 4415 739 4483 coegit
753 4418 874 4484 partum
895 4414 980 4469 edere.
1020 4433 1089 4484 quos
1104 4420 1234 4486 pastores
1249 4419 1306 4484 pro
1326 4416 1389 4467 suis

237 4486 395 4539 educarunt
414 4489 442 4537 et
463 4484 647 4553 appellamur
666 4484 775 4539 Zethon
796 4484 847 4540 ἀπὸ
868 4487 913 4539 τοῦ
935 4485 1018 4551 ζητεῖν
1038 4489 1126 4552 τόπον,
1148 4486 1270 4540 alterum
1291 4490 1387 4538 autem
