3038 5010
232 379 270 435 60
711 373 892 435 SCHOLIA

275 552 343 609 323.
364 541 399 592 ut
433 531 611 591 Larisaeus
652 532 783 593 Aleuas.
873 533 997 592 *Alebas
1026 535 1101 594 filius
1125 528 1383 599 lTh'oadomantis

233 613 357 673 *Alebus
371 614 639 678 †Therodomantis
653 615 727 673 filius
747 616 783 673 de
827 633 879 673 rex
893 615 1008 674 Larisse
1024 617 1146 675 ciuitatis
1159 637 1177 675 a
1195 619 1255 676 suis
1273 619 1384 677 ciuibus

233 694 367 754 Larissea
383 697 497 754 ciuitate
518 695 657 754 oriundus
678 697 715 754 ab
730 696 784 754 illis
828 697 864 755 de
886 698 990 775 quibus
1016 716 1129 756 summe
1151 700 1318 759 confidebat
1340 710 1385 761 est

233 777 473 853 quibusamplius
486 776 783 836 crediditinterfectus
828 778 969 837 occisus*
1010 779 1109 839 Mure.

232 857 786 917 est*VndeGallur:Therodamanlrades
869 858 996 919 *Alebas
1013 861 1284 922 †Th0rodomantis
1306 862 1382 922 filius

232 940 361 1016 quamuis
388 941 493 997 mz'urla
519 958 632 997 suorum
668 940 786 998 Victima
828 940 865 999 de
887 939 1003 1000 Larissa
1025 943 1139 1002 ciuitate
1162 961 1215 1001 sua
1235 944 1381 1021 quosdam

232 1023 299 1080 dira
309 1023 380 1099 fuit
398 1028 462 1080 lunc
482 1039 536 1080 nan
553 1026 641 1079 lamen
656 1021 786 1097 presan·
827 1021 962 1081 homines
986 1023 1062 1082 lidos
1090 1042 1155 1083 esse
1184 1026 1303 1100 putauit,
1327 1026 1380 1084 sed

232 1102 321 1163 runa*
366 1101 403 1163 G.
826 1121 903 1179 quos
917 1105 1011 1179 magis
1022 1105 1097 1163 fidos
1112 1124 1175 1164 esse
1187 1108 1298 1181 putauit
1312 1125 1380 1164 eum

826 1185 1003 1244 occiderunt.
1016 1183 1236 1246 *VndeGallur:
1245 1186 1380 1246 Theroda-

825 1267 958 1325 manlides
984 1270 1112 1342 quamuis
1146 1270 1237 1326 rnur'la
1266 1287 1379 1326 suarum

831 1347 948 1406 Victima
963 1349 1038 1405 dura
1047 1351 1118 1424 suit
1133 1356 1199 1407 tunc
1218 1369 1273 1408 nan
1290 1357 1379 1408 lamen

825 1430 886 1504 ipsa
899 1428 1037 1489 suarum*
1081 1428 1114 1489 C.

273 1509 419 1583 *Quidam
440 1511 532 1570 homo
550 1510 670 1568 nomine
685 1509 793 1568 Alebas
815 1512 853 1568 ab
874 1511 1040 1570 hominibus
1062 1512 1121 1571 suis
1135 1528 1211 1588 quos
1232 1512 1287 1571 sibi
1302 1512 1378 1572 lidos
1482 1534 1488 1545 ·

232 1595 353 1671 putabat
367 1594 480 1652 occisus
494 1602 538 1651 est
552 1601 580 1650 et
594 1591 624 1650 in
637 1601 759 1667 puteum
774 1591 949 1651 coniectus*
990 1593 1033 1650 H.

275 1689 343 1749 325.
365 1675 477 1752 thue
492 1671 582 1733 Milo.
625 1671 784 1731 *Milonem
868 1672 1028 1733 *Milonem
1052 1674 1099 1733 cui
1123 1675 1197 1734 Pisa
1217 1676 1378 1751 'prouincia

233 1755 402 1815 Romanum
433 1756 464 1814 in
493 1773 572 1814 mare
600 1755 786 1830 proiecerunt
822 1755 928 1815 tradita
938 1755 992 1815 fuit
1006 1774 1059 1832 pro
1071 1757 1220 1832 tyrannide
1232 1775 1286 1816 sua
1297 1758 1377 1816 ciues

232 1838 300 1914 quia
310 1837 363 1896 fuit
376 1837 524 1896 homicida
535 1847 563 1894 et
573 1834 647 1894 Pisis
662 1837 785 1911 patriam
826 1839 876 1896 suz'
894 1837 925 1894 in
945 1855 1025 1895 mare
1047 1838 1240 1914 proiecerunt,
1263 1843 1312 1895 *ut
1335 1840 1380 1897 ait

232 1919 357 1978 tradidit.
379 1917 475 1976 *Vnde
486 1917 604 1978 Gallus:
618 1916 708 1975 Diues
722 1924 786 1975 erat
827 1918 950 1977 Gallus:
979 1918 1069 1976 Dauus
1085 1925 1148 1977 erat
1161 1919 1263 1987 Mz‘la;
1281 1921 1377 1996 forta

231 2000 333 2069 Mdv
343 2002 439 2077 fortis
452 2000 515 2058 licat
526 2000 696 2076 ipsesuasa
710 1998 782 2057 Can·
823 2000 886 2058 licat
897 2001 944 2057 ille
950 2002 1061 2077 fuisset
1078 1999 1268 2077 Conligit-illa
1286 2010 1377 2061 lamen

231 2083 298 2157 tigit
305 2100 360 2139 esse
366 2087 457 2140 lamen
466 2092 521 2158 pro
530 2081 634 2138 tumulo
639 2078 783 2157 pelagus*
819 2091 873 2156 pro
885 2085 989 2139 tumulo
997 2079 1141 2159 pelagus*
1185 2079 1219 2140 C.

273 2243 362 2356 *Milo
377 2243 521 2303 destructa
541 2243 655 2302 ciuitate
677 2260 729 2301 sua
747 2243 816 2303 Pisa
833 2253 936 2323 captus
956 2244 1160 2321 praecipitatus
1179 2253 1223 2303 est
1241 2244 1271 2302 in
1292 2245 1376 2321 aquis

230 2325 323 2384 uiuus.
382 2325 425 2383 H.

273 2405 363 2466 *Milo
385 2407 484 2466 Pisum
505 2404 607 2464 Elidos
629 2405 732 2463 tenuit.
776 2405 835 2464 Hic
859 2424 927 2464 curn
952 2406 1070 2467 Pisaeos
1092 2406 1178 2466 uariis
1202 2407 1377 2467 cruciatibus

159 2502 167 2515 ·
231 2488 364 2558 afficeret,
393 2490 432 2546 ab
455 2487 526 2563 ipsis
554 2488 586 2544 in
609 2486 756 2563 Alpheum
779 2487 900 2545 fluuium
925 2487 1021 2548 Pisam
1049 2488 1301 2565 praeterfluentem
1325 2489 1376 2548 de-

231 2587 343 2629 mersus
357 2579 409 2629 est.
450 2569 504 2627 Est
519 2577 646 2627 autemt
645 2586 773 2644 yrannus
795 2569 960 2628 communis
975 2571 1107 2645 generis:
1129 2589 1198 2628 nam
1213 2569 1377 2629 Theodosii

230 2651 411 2726 grammatici
439 2659 482 2709 est
509 2649 616 2725 regula,
639 2649 720 2743 quod
747 2651 869 2708 nomina
896 2651 1109 2727 professionem
1133 2662 1183 2709 aut
1203 2650 1375 2727 dignitatem

232 2733 423 2809 significantia
438 2741 506 2791 sunt
520 2732 684 2790 communis
698 2732 823 2807 generis,
837 2741 868 2789 ut
888 2731 935 2791 hic
956 2743 985 2791 et
1006 2732 1078 2792 haec
1098 2725 1166 2805 dus,
1185 2731 1232 2792 hic
1253 2743 1282 2792 et
1302 2733 1376 2792 haec

230 2814 430 2892 philosophus.
476 2812 542 2872 Cod.
558 2811 719 2889 Saluagm'i.

272 2909 329 2971 327
333 2940 340 2954 .
314 2895 564 2971 7‘Quaeque
557 2913 591 2952 rn
625 2893 782 2952 Adiman-
862 2893 1054 2953 *Adimantus
1078 2914 1129 2955 rex
1153 2895 1279 2954 Philacie
1302 2913 1375 2954 con-

227 2986 306 3036 tum.
348 2976 539 3035 *Adimantus
576 2994 628 3034 rex
665 2975 781 3034 Philisie
821 2985 948 3052 temptor
973 2977 1095 3035 deorum
1120 2995 1137 3036 a
1160 2977 1233 3036 ioue
1257 2977 1376 3054 fingitur

229 3059 284 3117 diis
299 3058 461 3133 dedignans
475 3056 593 3116 obedire
608 3077 626 3116 a
639 3057 712 3115 Ioue
727 3058 779 3115 ful·
820 3055 1012 3116 fulminatus*
1053 3057 1150 3116 Mare.

230 3141 355 3198 minatus
366 3149 418 3199 est.
454 3138 549 3196 *Vnda
563 3138 600 3199 G.
634 3139 787 3197 Plrs‘lacrile'
864 3137 1063 3197 *Achimantis
1094 3139 1169 3198 filius
1198 3138 1287 3197 Filaci
1318 3157 1375 3198 rex

229 3222 306 3280 cadit
337 3222 401 3298 r'gm
429 3219 508 3279 Iauzi
541 3221 608 3296 quia
641 3225 784 3295 spreueral
822 3220 942 3278 Filesiae
963 3220 1010 3278 uel
1031 3231 1062 3279 ut
1083 3222 1131 3279 alii
1146 3221 1317 3280 Thessaliae
1331 3223 1376 3279 in·

981 3357 993 3382 θ

267 3409 326 3457 323.
344 3392 621 3445 Historiaaduersum
632 3390 809 3459 explicandum
821 3391 924 3459 coryleta
959 3391 1198 3456 torodornantisG
1267 3389 1376 3460 putabit

230 3464 309 3518 Gbis.

268 3549 326 3615 3²⁵:
345 3534 462 3586 Historia
464 3531 565 3600 fictura
621 3531 865 3598 ipsaprouinciaG
921 3532 1019 3585 suosG
1070 3532 1147 3585 Mure
1160 3531 1238 3601 Mylo
1250 3532 1376 3585 tirannus

229 3620 279 3657 rex
297 3605 354 3686 pise
373 3603 458 3671 ipsam
472 3602 557 3669 pisam
572 3600 694 3653 hostibus
711 3602 823 3653 tradldit
842 3608 871 3654 et
890 3609 1003 3670 propter
1015 3603 1067 3655 hoc
1085 3619 1101 3654 a
1116 3603 1220 3655 ciuibus
1233 3603 1376 3655 nunciare

229 3674 415 3743 precipitatur.
460 3675 579 3725 Versus
569 3691 595 3724 m
612 3673 730 3740 margine
750 3671 802 3724 cad
820 3674 936 3725 Parisini
955 3688 1024 3738 7990
1043 3675 1078 3726 sic
1098 3674 1160 3742 legit
1179 3675 1310 3726 Schoenius
1331 3686 1375 3758 ap.

230 3746 333 3797 Ehaoal
332 3745 357 3796 d.
365 3755 394 3825 p.
409 3761 422 3794 2
436 3743 516 3794 Vnde
533 3742 626 3794 Gallus
642 3742 757 3793 Vinctus
769 3747 829 3794 erat
842 3743 912 3795 Milo
924 3745 1005 3796 tortis
1017 3743 1100 3796 licet
1093 3751 1144 3796 rsta
1155 3743 1268 3797 iuisstnt
1281 3745 1375 3810 contig

231 3814 275 3881 ipe
293 3819 321 3866 ta
339 3815 459 3894 pcictato
477 3813 594 3880 pelagus,
607 3831 670 3879 quae
685 3814 721 3864 sic
736 3813 860 3881 expediuit
877 3815 998 3867 Ehwald
1012 3819 1104 3866 tortor
1121 3814 1185 3868 licet
1202 3815 1252 3867 iste
1269 3813 1376 3881 fuisset,

231 3883 419 3949 Contiguum
412 3898 469 3950 rpse
480 3888 573 3953 tamen
588 3882 721 3950 proicitur
735 3883 844 3950 pelagus
916 3886 1005 3954 ‘Quod
1015 3887 1045 3936 de
1056 3884 1185 3939 ‘Theodosia
1196 3886 1303 3939 adnotat
1315 3885 1375 3938 Sal·

230 3956 347 4022 uagnius,
367 3954 506 4007 aerosimile
521 3964 559 4005 est
576 3953 685 4023 intelligi
702 3955 872 4018 Macrobium‚
891 3958 933 4021 qai
949 3967 1021 4024 salpe
1038 3966 1066 4007 ut
1086 3956 1279 4008 Grammaticus
1297 3957 1375 4008 citari

229 4023 310 4076 solet'
341 4025 514 4089 Burmannus,
527 4024 560 4091 cf.
573 4024 693 4076 Ehwald
692 4036 742 4093 ‚p
756 4043 780 4090 9.
800 4025 928 4078 Macrobii
940 4026 1063 4078 Theodosii
1078 4038 1196 4096 excerpta
1214 4047 1245 4079 ex
1263 4027 1328 4080 libro
1346 4028 1376 4079 de

230 4094 394 4214 Differentiis
407 4106 431 4147 et
449 4097 611 4148 Sarutanbus
631 4095 723 4148 Graeci
740 4097 874 4162 Latinique
891 4095 962 4148 uerbi
977 4097 1054 4148 edidit
1069 4098 1204 4151 Patschius
1217 4108 1246 4165 p.
1267 4111 1334 4160 2727
1352 4108 1377 4150 et

226 4164 324 4233 plenius
337 4163 431 4217 Kallias
445 4167 506 4217 Art.
520 4166 641 4235 Scriptor.
655 4167 750 4219 Minor.
759 4178 803 4235 pp.
817 4183 887 4231 599-
888 4168 948 4231 655.

269 4250 328 4300 327.
347 4236 461 4287 Hutorra
469 4255 501 4288 ex
511 4253 585 4289 uersu
596 4236 697 4304 coryleta
728 4252 820 4288 rerum
830 4236 1229 4290 filexieuelutaliithesaliec
1257 4252 1376 4289 necnon

231 4312 260 4358 et
273 4305 492 4359 cunctosGAsk.
538 4306 618 4359 illaC
653 4304 818 4375 adinuentis]
832 4308 903 4359 Num
915 4307 950 4360 ab
962 4307 1094 4362 inuentis?
1111 4309 1375 4376 quadadmactatum

225 4418 350 4487 filiumpo
351 4428 418 4470 terat
434 4415 527 4482 referri
556 4418 600 4468 Ex
613 4417 690 4470 Rern.
704 4431 752 4479 711
768 4418 851 4472 Merk.
863 4429 981 4474 enatarat
996 4418 1159 4472 Adimantus
1176 4435 1225 4472 rex
1243 4377 1375 4489 phisesiae

228 4490 337 4542 -unde
318 4430 421 4542 poidem
434 4487 585 4541 Philacides
595 4499 722 4556 ceteraque
733 4499 762 4542 ut
772 4489 798 4541 in
812 4489 844 4543 G.
