3038 5010
647 408 693 480 ut
721 417 815 480 usur.
1266 420 1306 479 ra

159 578 310 640 *Phoenix
324 576 484 638 Amintoris
501 578 576 638 filius
590 578 711 639 †Tesal-
753 595 823 638 suos
837 575 1014 640 †Thetillam
1029 584 1058 636 et
1075 574 1218 636 Dorillam
1233 575 1306 636 falso

157 662 216 721 lam
236 673 265 720 et
278 660 409 719 Dorilam
427 661 501 719 filios
521 678 590 719 suos
608 679 712 719 excae·
753 659 872 719 erimine
883 659 1013 717 adulterii
1027 661 1065 718 ab
1079 659 1167 721 †Affa
1180 676 1308 717 nouerca
1340 722 1343 740 Α

158 743 235 802 cauit
245 750 428 801 accusatosa
442 760 569 801 nouerca
581 760 634 800 sua
644 741 712 804 †Li-
753 741 845 817 reguli
860 739 1026 800 Gothorum
1042 741 1119 816 regis
1133 740 1209 800 filia†
1229 740 1308 815 apud

157 833 286 884 eostrata
306 825 384 899 regis
406 822 573 883 Gothorum
594 824 653 882 filia
676 822 713 882 de
754 840 785 882 se
820 831 974 881 accusatos
1011 821 1179 881 excaecauit
1217 821 1308 880 nimia

157 906 279 965 crimine
299 904 430 964 adulterii
444 904 526 964 salso.
569 905 649 980 quod
665 904 714 962 ubi
754 913 921 963 commotus
945 903 994 962 ira.
1036 912 1070 962 ut
1099 920 1171 962 uero
1203 902 1308 961 falsum

156 995 240 1064 pater
254 987 395 1063 comperit
410 988 533 1062 ipsemet
547 986 602 1045 sibi
612 985 714 1046 oculos
755 1003 820 1045 esse
838 985 949 1044 crimen
968 986 1109 1061 cognouit
1125 1002 1195 1061 prae
1209 982 1310 1044 dolore

60 1130 64 1145 ⁸
157 1069 239 1127 eruit.
261 1067 361 1126 *Vnde
375 1068 494 1126 Battus:
512 1067 632 1126 Femina
646 1072 714 1125 nata
755 1067 847 1126 nimio
890 1066 945 1124 sibi
985 1069 1050 1144 ipse
1088 1066 1190 1126 oculos
1228 1066 1309 1125 eruit.
1382 1121 1384 1126 .

157 1151 261 1207 malum
289 1157 336 1221 esi,
357 1151 465 1228 peccati
481 1151 598 1226 semina
625 1151 713 1224 origo.
755 1149 854 1207 *Vnde
873 1147 991 1206 Bachns
1011 1154 1114 1224 poeta:
1152 1146 1209 1204 Est
1234 1148 1310 1205 mala

156 1231 277 1289 Femina
298 1239 354 1291 tota
374 1232 485 1302 malum,
507 1249 553 1288 res
574 1237 640 1289 atra
661 1232 713 1288 mi·
743 1231 859 1308 femz‘na
872 1248 918 1287 rer
931 1234 1005 1288 κ.τ.λ.
1043 1228 1070 1288 C
1082 1227 1190 1287 etAsk.

156 1316 279 1372 serrema
314 1315 388 1372 ue‘lzi.
441 1311 604 1371 Nolaerant
629 1313 717 1387 paeri
796 1310 943 1370 *Phoenix
952 1311 1027 1369 filius
1036 1310 1197 1369 Amintoris
1207 1309 1310 1369 ductor
1353 1338 1355 1343 v

157 1396 228 1452 male
258 1397 408 1453 consentire
439 1411 577 1465 nouercae,
607 1392 713 1452 Nolae·
753 1404 783 1453 et
811 1392 960 1452 consultus
988 1392 1108 1451 Achillis
1136 1391 1212 1450 filios
1240 1408 1310 1450 suos

157 1483 275 1551 ronique
298 1483 389 1534 torum
413 1477 478 1534 nati
502 1476 635 1534 incestare
656 1486 710 1551 pa-
753 1474 916 1540 †Thirilam
935 1484 963 1533 et
981 1474 1122 1533 Doricam
1140 1472 1177 1531 de
1196 1473 1310 1530 incestu

156 1554 252 1615 reiiin
295 1555 356 1615 Illa
377 1559 487 1632 repulsa
507 1558 598 1615 dalem
618 1564 711 1615 trans·
752 1554 1310 1624 aecusatosanouercaeaeeauit‚unde

157 1657 235 1696 uerso
249 1640 363 1697 crimene
381 1642 411 1696 in
427 1640 489 1696 illos
503 1638 659 1696 Accusauii
669 1658 711 1697 eos
752 1639 792 1698 dii
806 1639 869 1696 irati
884 1638 971 1697 etiam
982 1639 1078 1714 ipsum
1090 1633 1309 1695 caecauerunt.*

150 1720 236 1795 patri
241 1738 253 1776 .·
265 1728 347 1794 pater
360 1723 463 1778 znsm'ns
477 1721 524 1778 ira
533 1718 595 1778 Nec
608 1728 710 1779 rectam
750 1718 848 1778 Mure.

157 1802 310 1877 inopt'ciens,
328 1821 376 1860 nec
392 1803 464 1860 enim
483 1808 584 1860 rectum
602 1805 714 1879 inspicit

157 1885 212 1952 ira,
234 1881 297 1959 Ipse
310 1891 395 1958 pater
420 1884 470 1941 red
487 1885 544 1941 iam
564 1902 620 1941 non
639 1904 712 1944 nnnc

152 1972 235 2040 paler
258 1966 335 2023 eruit
356 1965 414 2022 illis
437 1964 546 2022 Lumen
573 1967 647 2040 qnod
668 1969 711 2024 de·

157 2045 244 2116 derat,
273 2055 438 2121 poenamque
471 2051 577 2104 secutus
605 2050 716 2107 eandem

157 2127 222 2185 esi*
268 2126 305 2185 G.

198 2207 362 2267 Amintor
386 2207 495 2267 filium
520 2227 619 2268 suum
643 2211 860 2272 Phoenicem
889 2210 1052 2270 caecauit
1076 2209 1155 2285 quia
1176 2209 1308 2267 coniux

158 2289 234 2347 eius
249 2299 301 2349 est
315 2301 509 2366 conquesta
523 2292 589 2350 sibi
603 2291 819 2353 Phoenicem
840 2293 1001 2352 uoluisse
1024 2293 1055 2350 ei
1078 2292 1145 2350 uim
1166 2290 1308 2362 inferre,

159 2371 250 2446 quod
270 2379 389 2430 tamen
410 2370 537 2431 falsum
559 2385 642 2434 erat.
685 2376 725 2438 P.

201 2453 269 2512 261.
290 2451 361 2511 Nec
379 2453 455 2530 plus
468 2455 628 2532 aspicias.
673 2457 817 2535 Oedipum
832 2456 933 2531 tangit.
979 2454 1014 2515 G.

177 2539 182 2547 '
202 2532 330 2610 Oedipus
352 2553 420 2592 cum
440 2544 532 2605 matre
554 2539 718 2610 concubuit,
733 2539 811 2597 unde
825 2538 976 2613 Antigona
994 2546 1058 2596 orta
1076 2546 1128 2594 est.
1170 2534 1228 2593 Pro
1248 2553 1308 2611 quo

158 2613 279 2674 crimine
297 2614 426 2691 Oedipus
442 2635 473 2676 se
488 2619 618 2677 oaecauit
632 2630 661 2679 et
674 2629 778 2696 postea
791 2619 863 2678 filia
877 2637 944 2677 eum
958 2620 1054 2678 rexit.
1095 2617 1134 2676 P.

201 2697 268 2770 263.
290 2695 331 2754 de
346 2696 406 2755 lite
420 2698 553 2758 iocosa.
594 2700 640 2758 De
655 2702 769 2760 Tiresia
782 2711 812 2760 et
825 2699 929 2759 Manto
942 2699 1000 2757 filia
1014 2717 1076 2758 sua.
1120 2697 1157 2758 G.

200 2776 329 2836 Tiresias
346 2777 450 2838 Eueris
468 2779 544 2839 filius
563 2792 706 2859 utrunque
725 2792 862 2859 expertus
881 2799 985 2840 sexum
1004 2781 1072 2856 quia
1091 2790 1204 2857 septem
1223 2779 1308 2838 annis

159 2857 211 2918 fuit
225 2857 334 2917 femina
352 2859 460 2920 electus
479 2861 567 2920 iudex
586 2863 660 2923 inter
679 2865 782 2922 Iouem
803 2874 831 2922 et
848 2861 994 2922 Iunonem
1013 2862 1050 2921 de
1069 2862 1115 2919 lite
1133 2862 1234 2920 iocosa
1253 2879 1307 2938 pro

158 2939 231 2999 Ioue
245 2941 390 3000 iudicauit.
433 2941 616 3003 Excaecatus
630 2965 647 3003 a
662 2945 775 3004 Iunone
790 2963 882 3019 augur
896 2945 988 3002 factus
1003 2952 1046 3001 est
1060 2961 1078 3000 a
1092 2942 1173 3001 Ioue.
1218 2942 1252 3002 C.

202 3023 268 3094 265.
290 3021 458 3094 Qualiset
472 3024 530 3083 ille
544 3025 614 3085 fuit
645 3027 713 3084 Phi·
795 3027 923 3085 Phineus
952 3034 1054 3101 captus
1086 3041 1186 3082 amore
1217 3023 1309 3082 Nico·

158 3119 232 3160 neus
253 3103 329 3162 filios
351 3122 420 3165 suos
445 3105 659 3166 Polidectorem
684 3118 713 3167 et
754 3118 859 3167 stratae
890 3107 964 3165 filios
996 3123 1066 3165 suos
1094 3104 1307 3164 Polidectorem

158 3183 328 3243 Polidorum
345 3188 514 3246 excaecauit
529 3201 713 3248 accusatosa
754 3199 783 3248 et
804 3187 991 3264 Polidophon
1013 3196 1166 3246 accusatos
1186 3187 1223 3243 ab
1243 3188 1308 3262 ipsa

158 3263 313 3340 Cleopatra
334 3285 436 3325 eorum
461 3287 597 3341 nouerca,
621 3271 711 3330 idem·
754 3265 945 3352 [Nicostrata]
967 3268 1088 3327 crimine
1107 3267 1238 3325 adulterii
1258 3285 1309 3325 ex-

159 3364 216 3422 que
244 3365 347 3422 passus
378 3359 423 3407 est
457 3368 475 3407 a
502 3349 593 3409 Ioue:
629 3354 711 3412 cuius
752 3351 891 3421 caecauit,
902 3359 1020 3426 propter
1034 3349 1115 3425 quod
1126 3343 1307 3430 [peccatum]

126 3437 130 3444 ’
158 3429 587 3506 mensasArpiaeinquinabant.
605 3431 711 3492 Iasone
752 3435 814 3509 ipse
823 3441 997 3491 excaecatus
1006 3431 1164 3490 estaloue.
1180 3430 1308 3489 etDiana

157 3519 257 3566 autem
285 3509 413 3570 Colchos
441 3522 560 3588 petente
582 3523 611 3572 et
633 3516 711 3573 uiam
752 3515 831 3573 misit
856 3513 961 3589 Arpias
995 3512 1129 3571 uolucres
1161 3512 1308 3588 uirgineas

157 3589 312 3665 ignorante
346 3591 424 3651 data
464 3603 515 3652 est
554 3595 712 3654 columba
752 3597 841 3654 facies
863 3596 1004 3653 habentes
1024 3603 1057 3651 ut
1073 3591 1225 3652 foedarent
1245 3594 1307 3652 eius
1371 3647 1374 3653 .

86 3692 88 3695 ·
158 3673 312 3746 praeuia;
348 3692 406 3750 qua
434 3674 470 3733 de
505 3693 593 3734 causa
620 3677 711 3736 lason
752 3695 878 3736 mensas.
916 3672 1056 3756 [Fuerunt
1070 3685 1168 3734 autem
1182 3686 1240 3734 tres
1250 3675 1308 3734 Ar-

156 3786 235 3840 ποσὶν
245 3782 275 3855 ᾖε
287 3785 380 3858 θύραζε
393 3786 440 3856 (ib.
453 3787 524 3857 198).
571 3791 679 3843 totilam
692 3796 721 3844 et
734 3791 876 3843 Dorissam
887 3791 951 3844 Ask.
1005 3788 1058 3842 Aia
1072 3792 1137 3842 Ask.
1188 3789 1309 3843 bacchus

159 3858 223 3911 Ask.
328 3859 349 3910 F
351 3859 461 3911 oemina
473 3864 533 3912 tota
545 3862 647 3913 malum
660 3877 703 3914 res
715 3868 809 3915 autem
822 3860 968 3914 muilisC
1066 3879 1167 3914 uersum
1180 3863 1308 3914 om.Ask.

158 3927 321 3983 incestariC
365 3930 510 3997 repulsoc
555 3931 732 3998 transfligoG
776 3931 930 3996 transfingit
943 3933 1008 3984 Asi.
1054 3947 1102 3984 eos
1113 3937 1193 3998 pater
1204 3931 1311 3999 patriG

157 3998 256 4051 incitus
269 3999 367 4053 CAsk.
477 4017 529 4054 nec
540 4009 649 4054 rectum
660 4003 768 4069 inspicit
781 4003 891 4070 respicit
904 4002 944 4054 ira
957 4002 979 4054 G
1062 4003 1116 4056 iam
1128 4018 1202 4056 nunc
1214 4018 1271 4055 uon
1285 4003 1309 4056 G

157 4069 211 4120 iam
225 4085 280 4122 non
293 4075 361 4123 tunc
374 4071 396 4123 C
407 4071 472 4123 Ask.
543 4071 663 4125 fenicem
675 4077 699 4126 P
711 4075 758 4127 bis.

195 4141 253 4193 261.
274 4140 395 4209 Edippus
407 4157 436 4193 se
449 4143 556 4195 cecauit
567 4147 600 4196 P.

195 4213 255 4275 2⁶3.
272 4211 380 4264 tirresia
393 4212 418 4264 G
487 4213 746 4268 thiresiasseueriG
799 4213 908 4267 ‘debita
919 4213 1011 4266 iocosa
1023 4213 1052 4266 C.

195 4323 226 4372 2⁶
230 4337 255 4385 5.
274 4321 307 4374 ab
326 4323 483 4393 acciopatra
495 4325 520 4377 G
625 4325 755 4378 colcosG
861 4291 940 4378 borie
955 4326 977 4378 G
1084 4322 1267 4392 polidoterem
1279 4329 1309 4375 et

157 4391 323 4460 polidophon
344 4394 367 4447 C
517 4395 701 4470 polidetorem
723 4399 752 4448 et
774 4392 914 4462 polidefou
934 4396 999 4448 Ask.
1150 4392 1184 4446 ab
1208 4394 1266 4461 ipso
1289 4394 1311 4448 G

157 4460 314 4516 Nicostrata
326 4483 375 4517 om.
388 4468 454 4519 Ask.
548 4473 693 4534 peccatum
706 4486 755 4520 om.
768 4467 832 4518 Asi.
911 4466 1030 4532 uirgines
1042 4464 1065 4518 G
1159 4470 1190 4516 ut
1202 4472 1308 4516 sterco-

157 4539 252 4585 rarent
282 4549 390 4588 mensas
420 4536 503 4605 ipsius
533 4536 624 4605 phinei
653 4538 676 4591 C
845 4535 1127 4589 Fuerunt-Celaeno
1157 4555 1206 4588 om.
1242 4536 1309 4587 Ask.

662 4678 668 4685 ‚
721 4620 744 4671 E
