3038 5010
188 368 192 375 “
217 373 261 446 in
677 389 922 451 Praesumo.

223 547 370 624 praeditus
390 546 509 623 ingenio
528 547 687 624 Dionysius
710 548 882 625 Saluagnius
902 548 1040 607 Boessius
1060 547 1165 628 (Denis
1184 549 1221 608 de
1240 549 1372 609 Boissieu

223 641 261 699 de
278 638 425 719 Salvaing)
439 641 489 718 qui
508 659 710 724 quaecumque
731 641 767 701 de
786 640 843 700 hoc
864 643 992 701 carmine
1010 642 1087 700 edita
1105 641 1217 701 fuerant
1235 644 1371 720 exigeret.

222 751 292 792 uera
305 733 383 792 falsis
398 734 579 806 discerneret,
595 735 694 794 omnia
709 735 806 811 largae
821 735 991 793 eruditionis
1005 734 1069 794 luce
1084 735 1253 795 inlustraret.
1294 737 1372 795 Edu-

223 837 304 887 catus
324 827 415 887 fuerat
436 847 497 887 non
518 828 606 904 longe
626 846 643 886 a
662 829 752 888 domo
774 847 826 888 sua
840 828 973 888 Viennae
993 830 1024 887 in
1046 829 1170 906 collegio
1190 831 1372 902 Iesuitarum,

223 940 294 980 mox
314 922 345 979 in
358 921 551 981 Vniuersitate
569 922 754 995 Parisiorum,
772 923 823 981 ubi
843 922 1018 999 Dionysium
1037 923 1197 995 Petauium‚
1217 923 1373 983 Nicolaum
1442 912 1446 924 ¹

224 1014 556 1088 Caussinum,1saacum
573 1015 745 1087 Habertum,
766 1016 952 1075 Fredericum
972 1015 1137 1087 Morellum‚
1159 1017 1301 1076 Iacobum
1317 1019 1373 1078 Sir-

224 1110 367 1169 mcndum
391 1110 527 1169 audierat.
580 1109 641 1168 Iuri
665 1110 741 1169 ciuili
763 1110 914 1169 Valentiae
942 1110 1072 1168 incubuit
1096 1129 1175 1169 anno
1203 1115 1289 1184 1621,
1314 1113 1373 1172 iam

224 1204 363 1263 confectis
377 1204 671 1263 commentationibus
685 1204 716 1262 in
730 1204 797 1262 Ibin
812 1204 836 1262 si
850 1204 995 1264 credimus
1013 1204 1067 1280 ipsi
1088 1204 1124 1262 ad
1143 1223 1171 1262 u.
1188 1208 1259 1280 637:
1284 1210 1373 1282 ‘quas

224 1298 383 1357 admodum
398 1297 509 1356 iuuenis
523 1297 687 1374 auspicatus
702 1315 767 1356 sum
776 1296 909 1356 Viennae
918 1297 1122 1373 Allobrogum,
1135 1299 1270 1374 promoui
1285 1298 1373 1357 Lute-
1415 1293 1418 1302 ¹

223 1392 280 1451 tiae
304 1391 487 1462 Parisiorum,
512 1391 623 1450 absolui
648 1390 767 1449 tandem
795 1390 825 1447 in
846 1390 986 1450 Voreano
1010 1390 1145 1471 (Vourey)
1170 1409 1238 1450 meo
1263 1410 1373 1451 annum

223 1503 314 1561 agens
335 1485 436 1545 aetatis
456 1483 645 1544 uicesimum!
688 1484 746 1542 Sed
767 1485 868 1543 nescio
890 1502 948 1560 qua
968 1503 1055 1543 causa
1076 1486 1231 1562 inpeditus,
1251 1485 1374 1546 fortasse

223 1580 372 1639 amoribus
393 1579 497 1656 quibus
518 1596 549 1638 se
570 1579 693 1636 nimium
715 1578 845 1637 deditum
870 1578 956 1638 fuisse
977 1579 1132 1638 confitetur
1154 1580 1185 1637 in
1208 1579 1311 1655 Elegia
1336 1580 1373 1639 de

222 1673 291 1731 Vita
315 1690 375 1744 sua,
398 1672 481 1732 etin
505 1670 601 1730 libello
626 1689 714 1747 quem
739 1671 776 1730 de
801 1672 860 1730 suis
885 1673 955 1730 actis
980 1673 1098 1749 propria
1123 1674 1373 1749 manuscriptum

224 1766 336 1826 Gallice
363 1766 485 1843 reliquit,
514 1765 580 1823 Ibin
607 1784 669 1824 non
697 1775 763 1824 ante
792 1784 903 1824 annum
932 1769 1008 1841 1⁶33
1038 1767 1198 1843 publicauit
1226 1766 1370 1842 Lugduni.

222 1859 363 1920 Eiusdem
384 1860 452 1917 anni
476 1877 577 1917 mense
598 1859 673 1917 Iulio
695 1859 818 1932 Rornae,
842 1878 901 1935 quo
926 1878 994 1918 eum
1018 1860 1188 1920 Ludouicus
1210 1860 1286 1919 XIII
1308 1879 1372 1919 ora-

223 1966 317 2014 torem
335 1971 402 2013 cum
425 1951 532 2012 Carolo
553 1951 680 2029 Crequio
703 1953 956 2029 Lesdigueriarum
976 1954 1050 2013 duce
1070 1955 1194 2027 miserat,
1210 1955 1373 2013 orationem

220 2048 322 2106 habuit
341 2047 372 2104 in
392 2047 458 2105 aula
477 2047 558 2122 regia
573 2046 717 2106 Vaticana
737 2046 774 2105 ad
793 2046 945 2106 Vrbanum
961 2048 1038 2106 VIII
1060 2047 1371 2127 (MaffeoBarberini)

222 2141 254 2201 P.
264 2141 306 2198 nt.
339 2140 397 2201 Hic
412 2150 440 2200 et
454 2149 516 2198 tum
528 2140 715 2217 Saluagnium
729 2140 760 2198 in
775 2159 892 2201 summo
906 2142 1018 2201 honore
1033 2142 1133 2199 habuit
1148 2151 1176 2200 et
1190 2130 1372 2216 permenses

162 2300 165 2305 ,
222 2245 359 2313 quattuor
373 2235 478 2312 quibus
492 2234 607 2293 Romae
622 2235 856 2293 commorabatur
870 2236 985 2312 saepius
1000 2254 1067 2294 cum
1082 2253 1119 2294 eo
1130 2235 1303 2293 conlocutus
1317 2246 1371 2306 est,

222 2331 393 2407 plerumque
412 2329 449 2389 de
469 2329 567 2388 litteris
588 2338 617 2387 et
637 2330 727 2405 poesi,
750 2330 781 2387 in
801 2348 859 2406 qua
879 2330 941 2406 ipse
958 2329 1093 2389 Pontifex
1113 2348 1174 2388 non
1193 2331 1372 2388 mediocrem

223 2424 346 2501 gloriam
366 2433 541 2482 consecutus
562 2433 630 2481 erat.
674 2421 733 2481 Sed
757 2433 785 2481 et
808 2423 890 2482 Luca
912 2423 1068 2482 Holstenio
1091 2434 1119 2482 et
1142 2424 1244 2482 Leone
1264 2423 1371 2483 Allatio

222 2537 291 2578 usus
312 2527 357 2576 est
380 2516 555 2586 familiariter
576 2517 652 2576 adeo
675 2526 705 2575 ut
730 2517 767 2574 ab
789 2516 838 2575 illo
860 2518 977 2576 codices
999 2516 1086 2576 MSS.
1109 2527 1256 2577 mutuatus
1278 2519 1323 2590 sit,
1345 2528 1373 2577 et

223 2607 291 2671 curn
307 2610 479 2686 Saluagnius
494 2609 649 2668 Holstenio
664 2609 862 2669 confirmasset
877 2621 974 2669 extare
989 2610 1097 2669 editam
1112 2611 1206 2687 Satyri
1224 2613 1374 2685 Συναγωγὴν

222 2707 371 2776 θαυμασίων
384 2700 560 2776 ἀκουσμάτων,
575 2703 629 2774 ille,
645 2704 693 2780 qui
708 2722 774 2762 eam
789 2721 950 2780 numquam
965 2703 1092 2774 uidisset,
1108 2704 1328 2762 emendationes
1342 2705 1372 2762 in

223 2798 289 2857 Ibin
317 2816 348 2857 se
376 2798 557 2857 conlaturum
585 2794 801 2873 spoponderit*
832 2797 855 2854 si
884 2795 1057 2872 Saluagnius
1088 2797 1124 2854 de
1152 2796 1254 2872 Satyro
1283 2796 1372 2855 fidem

224 2892 417 2969 praestitisset.
452 2890 599 2951 Reuersus
613 2891 643 2949 in
658 2890 779 2967 patriam
793 2907 910 2966 praeses
924 2889 1017 2948 factus
1033 2900 1077 2949 est
1092 2887 1196 2947 Curiae
1212 2888 1373 2947 Rationum

223 2986 300 3045 Flsci
321 2983 399 3062 apud
420 2983 608 3061 Delphiuates
629 2984 708 3043 etin
723 2983 862 3042 Voreano
881 2983 1037 3041 consenuit
1058 2983 1154 3059 ibique
1176 2993 1308 3041 mortuus
1329 2992 1373 3040 est

223 3099 301 3139 anno
328 3083 414 3154 1683,
438 3079 488 3156 qui
512 3079 565 3137 fuit
588 3079 743 3138 uicesimus
767 3077 837 3136 alter
862 3087 928 3153 post
953 3077 1020 3135 Ibin
1044 3076 1148 3136 iterum
1173 3076 1281 3135 editam
1304 3094 1372 3134 curn

223 3185 320 3233 uetere
336 3174 496 3233 Scholiasta
510 3192 535 3232 a.
550 3176 634 3231 1661.

265 3266 413 3327 Gloriatus
432 3277 475 3328 est
494 3268 556 3344 ipse
570 3266 607 3326 de
624 3285 656 3326 se
671 3266 847 3342 Saluagnius
868 3266 899 3323 in
920 3264 1013 3342 elegia
1033 3265 1143 3325 Eduxi
1159 3265 1276 3324 tenebris
1296 3264 1372 3335 Ibin,

222 3361 391 3437 calabrisque
418 3362 530 3419 remorta
560 3359 624 3430 Qua
647 3360 733 3436 plano
759 3361 842 3418 docui
865 3361 977 3417 tramite
1003 3359 1084 3416 lector
1108 3366 1158 3417 rut.
1209 3357 1314 3434 Neque
1343 3358 1373 3417 id

222 3455 356 3514 inmerito
377 3454 460 3513 fecit:
486 3471 556 3511 nam
576 3471 644 3511 cum
664 3453 722 3512 hoc
741 3453 856 3511 conlata
875 3453 963 3511 etiarn
981 3453 1094 3527 optima
1112 3469 1187 3527 quae
1209 3461 1277 3509 ante
1294 3453 1372 3508 1600

223 3549 403 3623 prodierunt,
432 3547 511 3606 uelut
538 3546 655 3624 Micylli,
684 3546 861 3605 sordebunt:
898 3545 973 3604 adeo
999 3563 1067 3604 cum
1094 3545 1170 3602 ueris
1198 3544 1277 3614 falsa,
1304 3562 1373 3602 curn

223 3641 322 3699 solidis
343 3641 442 3698 inania
463 3650 492 3698 et
512 3658 588 3699 uana
610 3639 800 3716 coniungunt.
842 3638 957 3698 Primus
974 3648 1004 3696 et
1024 3638 1114 3697 sensit
1135 3648 1164 3696 et
1185 3637 1283 3695 docuit
1304 3655 1371 3695 nus-

222 3750 311 3808 quam
330 3733 414 3792 latius
433 3733 537 3792 falsum
557 3734 694 3810 serpsisse
703 3753 710 3806 ;
736 3753 781 3792 res
801 3733 824 3792 si
841 3752 912 3792 uera
926 3732 979 3790 sed
992 3732 1116 3790 obseura
1129 3731 1254 3801 suberat,
1269 3748 1323 3806 pro
1338 3749 1373 3789 ea

222 3836 272 3884 aut
285 3845 404 3902 prorsus
414 3827 511 3886 fictam
524 3827 659 3904 supponi,
671 3837 728 3898 aut,
741 3827 821 3904 quod
834 3837 954 3904 propter
964 3825 1085 3883 Domitii
1098 3823 1264 3900 exemplum
1279 3824 1372 3883 multo

222 3917 315 3978 fuerat
337 3921 473 3992 crebrius,
495 3922 572 3980 ueris
593 3921 666 3980 falsa
687 3921 797 3997 adfingi
819 3921 920 3990 solere,
942 3919 1029 3996 idque
1050 3918 1137 3976 etiam
1158 3937 1175 3976 a
1197 3918 1372 3991 doctissimis

223 4011 337 4071 Merula
350 4013 465 4072 Alciato
481 4014 599 4074 Sanctio
614 4014 676 4094 (pp.
694 4016 760 4089 198,
779 4033 846 4087 140,
864 4011 948 4092 255):
974 4012 1045 4070 nihil
1063 4030 1126 4070 esse
1141 4013 1220 4088 prius
1234 4013 1272 4070 ab
1286 4013 1371 4070 Inter-

222 4116 304 4181 prete
315 4107 500 4182 exigendum,
512 4126 602 4183 quam
613 4119 645 4166 ut
659 4108 763 4167 fictIcia
776 4116 948 4177 remoueret‚
961 4107 1003 4164 sic
1014 4105 1052 4164 ad
1063 4105 1198 4164 ulteriora
1207 4116 1237 4163 et
1249 4105 1372 4164 rectiora

222 4200 453 4276 progrederetur.
495 4200 666 4277 Numquam
691 4201 776 4276 igitur
798 4200 956 4275 Saluagni0
978 4198 1126 4258 doctrinae
1147 4198 1302 4257 adfectatio
1327 4199 1370 4255 in-

223 4294 322 4370 posuit
332 4312 340 4365 ;
364 4293 415 4353 sed
433 4293 482 4370 qui
501 4295 601 4354 omnia
619 4303 669 4353 aut
688 4302 765 4353 certe
783 4294 921 4370 pleraque
938 4301 1070 4351 ueterum
1090 4293 1196 4367 scripta
1213 4301 1319 4363 nosset,
1335 4290 1372 4349 ad

646 4439 660 4473 *
678 4437 713 4484 De
725 4435 861 4484 Terrebasse
872 4451 894 4498 p.
907 4449 961 4500 1²5·
