3038 5010
239 415 295 471 188
702 407 925 469 EXCVRSVS.

237 565 345 636 scripsi,
360 565 522 621 Pantalides
537 564 598 618 siue
612 564 771 619 Paetalides
786 566 929 633 Lycurgus
947 564 1048 618 eodem
1066 564 1152 618 modo
1165 564 1257 619 dictus
1274 564 1386 620 uidetur

237 654 294 761 qgo
308 637 464 759 Caspiasllae
475 636 538 690 Val.
552 636 594 689 Fl.
607 634 643 690 vi.
660 647 716 703 107,
734 635 917 707 Gangaridae
931 633 967 689 vi.
980 635 1023 703 67,
1042 636 1255 706 Berecyntiades
1268 636 1311 690 lb.
1326 637 1385 704 508,

237 725 255 762 u
277 707 354 761 ialia
366 717 426 761 attu
437 706 455 759 i.

274 778 332 833 Sed
350 786 379 833 et
397 777 433 830 de
453 777 581 845 Lycurgo
599 776 696 843 altero,
714 775 777 830 Alei
797 775 862 843 lilio,
880 775 993 830 Arcade
1011 785 1104 844 potest
1126 793 1224 830 uersus
1243 775 1386 847 explicari.

239 847 368 902 Historia
389 856 465 901 extat
486 863 530 914 ap.
557 848 643 900 Hom.
667 847 698 900 ll.
721 845 766 899 vii.
793 846 922 913 136-149,
943 847 1034 916 Apoll
1058 848 1092 900 R.
1111 846 1126 900 i.
1152 846 1280 915 161-171,
1301 849 1385 901 Paus

237 918 294 973 viii.
317 933 342 984 4.
363 930 378 984 7
401 917 474 970 Μετά
494 916 522 970 δέ
535 913 634 970 Ἀλεον
652 915 842 1003 τελευτήσαντα
864 918 1011 986 Λυκοῦργος
1031 918 1046 969 ό
1064 915 1158 970 Ἀλέου
1177 916 1223 984 τήν
1246 918 1386 980 βασιλείαν

237 990 364 1058 πρεσβεῖα
377 987 452 1056 ἔσχε·
468 984 617 1057 παρέσχετο
629 985 658 1039 δέ
670 986 697 1041 ές
708 1006 808 1054 μνημην
819 983 953 1055 Ἀρηΐθοον
971 986 1052 1056 ἄνδρα
1064 987 1204 1056 πολεμικόν
1216 987 1287 1059 δόλῳ
1300 988 1341 1040 καί
1353 988 1384 1040 οὐ

237 1059 287 1113 σὺν
299 1057 335 1129 τῷ
347 1058 433 1128 δικαίῳ
446 1057 551 1112 κτείνας.
575 1056 718 1126 γενομένων
735 1056 763 1109 δέ
777 1056 844 1127 αὐτῷ
861 1056 958 1109 παίδων
973 1057 1095 1126 Ἀγκαίου
1111 1078 1139 1111 τε
1152 1058 1193 1110 καί
1206 1054 1328 1144 Ἐπόχου,
1341 1061 1386 1111 τόν

236 1131 283 1199 μέν
295 1127 443 1197 νοσήσαντα
461 1127 629 1196 ἐπιλαμβάνει
645 1127 675 1180 τὸ
691 1128 783 1196 χρεών,
795 1123 913 1196 ’Λγκαῖος
929 1126 957 1179 δέ
972 1124 1070 1180 Ἰάσονί
1080 1148 1108 1180 τε
1120 1133 1167 1181 τοῦ
1179 1130 1247 1181 πλοῦ
1259 1150 1386 1198 μετεσχεν

237 1199 264 1254 ές
279 1201 405 1267 Κόλχους,
418 1198 459 1251 καί
472 1196 583 1264 ὕστερον
595 1199 660 1265 ὁμοῦ
675 1197 817 1267 Μελεάγρῳ
833 1198 863 1250 τὸ
880 1197 907 1250 έν
919 1196 1053 1251 Καλυδῶνι
1070 1199 1285 1267 κατεργαζόμενος
1297 1199 1386 1268 θηρίον

236 1270 362 1323 ἀπέθανεν
383 1268 432 1323 ὑπὸ
453 1270 500 1322 τοῦ
521 1267 574 1322 ὑός.
611 1271 757 1336 Λυκοῦργος
775 1267 822 1335 μέν
842 1266 872 1335 δή
892 1265 1050 1333 πορῤωτιίτω
1068 1267 1153 1338 γήρως
1167 1267 1275 1337 ἀφίκετο
1291 1268 1386 1322 ε’πιδὼν

237 1344 297 1395 τοῦς
319 1339 413 1393 παῖδας
440 1338 603 1408 ἀμφοτέρους
630 1336 840 1403 τελευτήσαντας.
885 1337 1024 1392 Videlicet
1050 1339 1194 1408 Lycurgus
1218 1338 1384 1393 Areithoum

239 1412 398 1479 Coryneten
429 1426 479 1478 per
509 1407 626 1462 insidias
657 1407 778 1462 occidit:
810 1407 886 1477 quod
910 1407 1018 1462 facinus
1048 1408 1121 1462 filius
1151 1407 1239 1479 ipsius
1265 1409 1384 1478 Lycurgi

237 1483 368 1534 Ancaeus
388 1478 531 1533 ulciscitur
548 1479 615 1532 dum
635 1495 735 1547 aprum
756 1477 943 1546 Calydonium
965 1495 1030 1532 cum
1050 1480 1196 1548 Meleagro
1214 1479 1385 1548 adgrediens

236 1550 297 1605 eius
316 1551 401 1605 dente
419 1548 586 1603 confoditur.
624 1547 820 1602 Penteliden
837 1548 957 1604 fortasse
975 1547 1129 1618 explicabis
1147 1567 1181 1604 ex
1201 1551 1385 1619 Hesychiano

236 1620 375 1674 Πεντέλεια
394 1619 453 1690 ὅρος
471 1618 614 1688 Ἀρκαδίας,
632 1619 662 1682 έξ
680 1617 710 1671 οὗ
728 1619 817 1671 Λάδων
835 1620 850 1671 ὁ
867 1620 981 1687 ποταμός
998 1620 1177 1688 καταφέρεται,
1195 1637 1267 1690 quae
1283 1620 1385 1677 eadem

238 1690 344 1745 omisso
361 1687 532 1760 καταφέρεται
545 1689 631 1743 habet
645 1688 761 1743 Photius
774 1687 802 1742 in
817 1689 928 1743 Lexico.
965 1689 1097 1744 Eundem
1110 1691 1203 1744 locum
1218 1692 1385 1745 Plutarchus

236 1777 302 1815 cum
316 1762 431 1816 Pheneo
442 1759 487 1814 bis
499 1759 642 1813 coniunxit
656 1760 763 1815 Cleom.
775 1759 840 1827 xvii,
852 1762 929 1813 Arat.
944 1759 1007 1812 xxix
1019 1759 1112 1813 Φένεον
1124 1761 1165 1814 καὶ
1176 1761 1337 1815 Πεντέλειον.

272 1831 317 1884 Ad
329 1834 395 1900 615,
407 1834 470 1885 616.
492 1831 583 1884 Locus
602 1829 743 1884 Eustathii
762 1829 808 1883 hic
827 1839 878 1898 est,
895 1844 968 1899 14¹9·
987 1842 1016 1898 51
1031 1826 1127 1885 Ἔστιν
1144 1831 1227 1899 εὑρεῖν
1243 1832 1313 1900 παρὰ
1330 1834 1387 1887 τοῖς

236 1904 358 1956 παλαιοῖς
377 1899 402 1955 οἳ
426 1901 466 1954 καί
491 1899 655 1969 δικαστήριον
679 1901 830 1968 ίστοροῦσιν
851 1899 990 1967 Ἀθήνῃσιν
1012 1900 1144 1969 ἐπώνυμον
1167 1903 1212 1969 τῆς
1235 1901 1385 1957 Παλλάδος.

235 1967 435 2041 Ἀριστοφάνης.
458 1969 546 2024 Ἀκων
557 1975 636 2024 κτενῶ
648 1992 688 2036 σε,
700 1968 796 2024 τέκνον·
823 1971 838 2023 ά
855 1967 877 2023 δ’
890 1969 1040 2038 ὑπεκρίνατο
1056 1967 1116 2024 Ἐπί
1130 1971 1275 2042 παλλαδίῳ,
1290 1970 1350 2041 παρ’
1363 1968 1385 2042 ᾦ

237 2042 402 2110 (Elsmleius
414 2039 470 2110 πάρ’
483 2039 525 2108 rb),
541 2041 629 2111 πάτερ,
649 2041 741 2096 δώσεις
758 2040 837 2105 δίκην.
873 2040 989 2107 ε’δίκαζον
1007 2040 1035 2094 δέ
1053 2042 1116 2095 κατὰ
1133 2042 1282 2096 Παυσανίαν
1295 2041 1322 2110 (ἰ.
1337 2043 1383 2111 28)

237 2113 289 2166 ἐκεῖ
307 2112 444 2167 ἀκουσίους
462 2114 559 2182 φόνους
580 2112 604 2164 οί
624 2111 724 2180 ε’φέται.
760 2109 874 2182 Ἀργεῖοι
892 2111 951 2181 γάρ,
971 2113 1063 2179 φησιν,
1082 2110 1133 2165 ἀπὸ
1152 2109 1232 2164 Ἰλίου
1252 2113 1384 2178 πλέοντες,

238 2182 309 2249 ήνίκα
321 2184 474 2253 πρόσεσχον
486 2179 622 2251 Φαλήροις,
634 2182 684 2235 ἀπὸ
695 2178 836 2248 Ἀθηναίων
850 2180 1014 2251 ἀγνοούμενοι
1030 2180 1202 2249 ἀνῃρέθησαν.
1232 2180 1343 2252 ὕστερον
1355 2183 1384 2237 δέ

235 2251 394 2322 Ἀκάμαντος
416 2253 591 2323 γνωρίσαντος
620 2254 661 2306 καὶ
690 2255 736 2304 τοῦ
760 2252 950 2321 ἀστορουμένου
974 2251 1126 2305 Παλλαδίου
1149 2250 1296 2322 εὑρεθέντος
1319 2255 1383 2307 κατὰ

237 2325 357 2393 χρησμὸν
368 2323 457 2377 α’ότόθι
468 2324 498 2376 τὸ
511 2320 675 2392 δικαστήριον
686 2318 830 2388 ἀπέδειξαν.
866 2321 1040 2391 Κλειτόδημος
1056 2321 1085 2374 δέ
1099 2322 1184 2390 φησιν
1197 2321 1385 2393 Ἀγαμέμνονος

235 2394 288 2447 σὺν
308 2393 344 2466 τῷ
365 2393 508 2466 Παλλαδίῳ
526 2391 744 2462 προσενεχθέντος
768 2394 824 2446 ταῖς
845 2389 971 2461 Ἀθήναις,
993 2393 1156 2462 Δημοφῶντα
1178 2393 1209 2446 τό
1232 2394 1386 2448 Παλλάδιον

237 2464 352 2532 ἀρπάσαι
365 2464 406 2516 καὶ
417 2463 533 2518 πολλοὺς
544 2467 595 2517 τῶν
605 2460 747 2516 διωκόντων
757 2461 865 2516 ἀνελεῖν·
883 2462 965 2515 τοῦδέ
974 2460 1161 2533 Ἀγαμέμνονος
1171 2463 1385 2533 δυσχεραίνοντος

238 2535 324 2602 κρίσιν
351 2534 443 2588 αὐτοὺς
470 2533 597 2601 ὑποσχεῖν
625 2533 668 2587 ε’πί
690 2530 847 2599 πεντήκοντα
869 2530 1009 2600 Ἀθηναίων
1034 2534 1075 2587 καί
1099 2531 1232 2587 τοσοότων
1254 2533 1385 2605 Ἀργείων.

239 2605 351 2727 Eadm}
379 2621 424 2675 ap.
451 2605 595 2658 Pollucem
615 2603 675 2659 viii.
702 2618 743 2672 10,
769 2602 847 2658 Suid
875 2604 1043 2673 Harpocrat.
1069 2605 1165 2673 Etym.
1192 2606 1234 2660 M.
1258 2622 1280 2660 s.
1290 2622 1316 2660 u.
1342 2604 1385 2659 ε’τὶ

238 2677 335 2729 Παλλα
353 2673 391 2745 ίῳ.

276 2744 353 2799 Hinc
365 2745 468 2799 collato
480 2745 542 2798 loco
557 2742 714 2798 Pausaniae
730 2741 746 2798 i.
762 2744 795 2798 28
814 2752 925 2798 constat
942 2742 971 2797 in
989 2743 1117 2798 Palladio
1134 2743 1271 2813 rapiendo
1289 2755 1384 2816 partes

238 2817 325 2870 modo
337 2813 487 2870 Acamanti
504 2815 590 2868 modo
604 2813 816 2883 Demophoonti
829 2813 990 2868 adtributas
1004 2814 1098 2868 luisse.
1137 2816 1195 2870 Sed
1213 2824 1241 2870 et
1260 2815 1288 2868 in
1307 2816 1385 2870 omni

238 2887 298 2941 uita
322 2887 440 2941 eaedem
464 2902 509 2940 res
534 2885 678 2954 utriusque
700 2901 865 2938 communes
890 2885 1040 2954 linguntur.
1078 2888 1155 2939 Nam
1179 2886 1217 2940 ad
1242 2887 1385 2941 Helenam

237 2958 422 3026 repetendam
447 2973 510 3009 cum
532 2955 673 3010 Diomede
694 2955 781 3008 modo
804 2957 936 3022 AcamaS,
958 2955 1044 3008 modo
1067 2957 1256 3025 Demophoon
1281 2957 1387 3012 missus

238 3027 375 3094 traditur;
394 3037 511 3096 uterque
528 3027 665 3080 Aethram
677 3034 797 3080 matrem
807 3026 976 3095 reposcebat
991 3043 1009 3080 a
1021 3025 1151 3080 Troianis
1165 3044 1171 3080 :
1192 3027 1334 3081 Laodicen
1347 3029 1387 3082 ah

238 3097 300 3151 aliis
319 3099 451 3164 Acamas,
474 3096 510 3150 ab
530 3096 592 3150 aliis
614 3096 804 3165 Demophoon
825 3113 938 3150 amasse
957 3105 985 3149 et
1005 3113 1046 3150 ex·
1060 3096 1114 3151 hac
1135 3096 1221 3150 filium
1242 3097 1385 3152 Munitum

238 3167 371 3237 genuisse
383 3167 543 3233 ferebatur3
564 3166 694 3235 Phyllida
712 3175 828 3235 uterque
847 3175 875 3220 et
888 3165 1032 3235 deperisse
1050 3176 1078 3221 et
1091 3166 1245 3237 reliquisse.
1284 3170 1385 3238 Itaque

239 3238 316 3307 quod
329 3239 364 3292 de
376 3240 534 3292 Acamante
551 3236 645 3306 potius
664 3236 752 3290 Ibidis
770 3253 868 3290 uersus
885 3235 1019 3305 intelligo,
1038 3247 1152 3307 propter
1168 3247 1289 3292 mortem
1301 3239 1386 3294 huius

238 3308 301 3376 feci,
312 3325 378 3361 nam
389 3309 424 3363 de
436 3308 655 3376 Demophoonte
665 3306 734 3360 nihil
747 3305 886 3361 eiusmodi
897 3306 1031 3360 traditum
1040 3307 1158 3377 repperi.
1188 3308 1385 3363 Credideram·

240 3397 294 3448 que
304 3378 445 3432 distichon
455 3379 492 3432 de
502 3377 729 3447 Demophoontis
739 3378 855 3431 leuitate
864 3376 1061 3446 explicandam
1074 3395 1145 3447 esse,
1155 3377 1386 3436 nisi-uiderentur

238 3450 352 3505 obstare
365 3449 452 3505 uerba
464 3447 564 3504 uerti-t
575 3447 638 3504 iter
650 3465 723 3519 quae
735 3446 782 3502 uix
791 3447 863 3502 satis
871 3447 917 3503 sic
928 3446 1121 3518 expediuntur.
