3038 5010
227 377 282 431 122
627 371 973 434 consummatus.
1056 445 1058 449 ¹

225 530 364 583 nesciebat.
379 531 468 598 coepit
479 531 550 583 nelle
559 531 640 597 filios
651 532 711 583 ecies
727 548 829 583 necare.
844 532 888 583 rei
901 531 1045 597 consciam,
1058 545 1144 597 peram
1159 529 1302 598 coptinom
1319 545 1376 581 esse

225 601 356 667 credebat,
369 602 460 669 e'psom
478 602 593 652 Inonem
611 603 738 670 sumpsit,
752 607 778 654 et
795 603 823 653 ei
839 602 914 654 deicit
929 607 962 654 nt
971 602 1052 670 filios
1069 617 1133 652 snos
1149 600 1277 652 careonis
1291 601 1374 652 nesti-

226 673 326 723 mentis
339 674 465 740 operiret,
476 672 574 723 trionis
578 673 659 740 filios
670 674 769 741 ingres.
801 673 854 724 Ino
866 689 930 724 snos
942 672 1076 738 condictis,
1089 673 1116 723 T
1112 671 1274 722 tercentenis
1283 671 1376 739 pullis

226 744 343 810 operuit.
363 748 431 795 tum
453 743 479 794 T
475 742 591 794 Ιιοιιιῖςίο
609 743 719 810 decepto
740 760 805 795 snos
816 744 896 811 filios
914 743 1018 795 occidit.
1038 742 1071 794 id
1087 742 1136 793 cibi
1153 742 1246 794 resciit
1263 742 1326 810 ι’ρςα
1346 758 1375 793 se

226 813 344 865 necam't.
425 815 491 864 310.
504 816 638 865 Leucon.
654 812 700 866 Sic
714 813 804 866 dictus
819 823 861 866 est
873 830 971 880 regum
985 811 1102 880 Bospori
1118 811 1177 864 siue
1191 810 1374 880 Panticapaei

227 882 298 935 serie
312 882 433 951 quintae,
449 882 540 950 Satyri
555 883 635 950 filius,
648 893 728 952 pater
743 883 870 951 Spartoci
886 883 921 936 iii.
938 883 1062 951 (Clinton
1077 884 1108 936 F.
1121 883 1158 935 H.
1173 884 1204 934 T.
1217 896 1241 934 2.
1255 898 1316 949 cap.
1333 896 1373 948 13,

228 954 315 1005 Grote
327 953 400 1006 Hist.
412 954 443 1004 of
453 954 560 1005 Greeee
569 953 614 1006 xii.
625 970 652 1021 p.
662 954 734 1022 648).
761 953 901 1020 Regnauit
912 971 1002 1006 annos
1011 968 1046 1019 40
1055 952 1168 1020 (393-35
1172 967 1187 1018 3
1200 950 1274 1018 aa),
1287 951 1373 1006 Diod.

226 1023 280 1076 xiv.
291 1038 333 1090 93,
343 1023 394 1076 xvi.
405 1038 446 1091 31,
458 1033 484 1076 et
496 1040 581 1076 senex
594 1035 734 1092 sceptrum
748 1024 863 1077 tradidit
877 1024 940 1083 filio.
963 1026 1047 1076 Hunc
1057 1023 1245 1076 Athenienses
1260 1022 1374 1075 ciuitate

228 1093 403 1146 donauerunt
416 1104 530 1162 propter
543 1111 638 1146 euram
652 1111 707 1163 qua
720 1095 891 1147 frumentum
904 1113 937 1147 ex
952 1096 1079 1162 Bosporo
1089 1094 1217 1146 Athenas
1230 1092 1373 1146 transmit·

227 1165 344 1216 tendum
362 1175 543 1232 susceperat:
570 1165 648 1218 cuius
665 1165 704 1218 rei
724 1175 937 1218 monumentum
954 1175 1029 1217 extat
1047 1164 1075 1216 in
1094 1163 1193 1216 Piraeo
1208 1172 1319 1231 reperta
1332 1163 1374 1215 in-

228 1234 342 1302 scriptio
364 1235 560 1302 (Kumanudes
586 1235 614 1288 in
637 1237 785 1288 Athenaeo
807 1238 838 1288 T.
859 1235 894 1289 vi.
913 1253 939 1304 p.
964 1247 1019 1302 152,
1040 1236 1073 1288 A.
1095 1234 1230 1287 Schaefer
1248 1233 1276 1286 in
1297 1235 1371 1287 Mus.

228 1305 317 1357 Rhen.
333 1304 414 1357 xxxiii
428 1322 455 1374 p.
469 1305 531 1373 419)
546 1305 592 1358 ubi
608 1307 760 1374 Spartocus
778 1316 805 1359 et
824 1305 989 1359 Paerisades
1008 1304 1146 1358 Leuconis
1161 1303 1207 1356 filii
1222 1304 1373 1357 laudantur

227 1385 254 1427 et
275 1385 451 1443 coronantur,
465 1386 494 1429 ut
511 1376 571 1444 ipse
588 1387 672 1429 antea
689 1394 753 1429 eum
771 1387 850 1445 patre
866 1377 966 1443 Satyro
985 1376 1083 1429 luerat.
1122 1376 1282 1427 Leuconem
1298 1373 1373 1427 illus·

227 1455 298 1498 trem
313 1446 397 1499 fuisse
415 1446 497 1499 docet
510 1463 567 1499 non
581 1447 671 1499 solum
687 1448 785 1500 crebra
803 1446 1034 1500 commemoratio
1049 1448 1132 1499 Dein.
1148 1447 1225 1514 Lept.
1240 1445 1372 1512 467-469‚

229 1517 321 1569 Strab.
341 1531 399 1583 301,
419 1531 478 1583 310,
496 1532 556 1584 311,
575 1519 707 1585 Polyaen.
725 1536 750 1571 v.
766 1532 808 1585 44,
825 1518 860 1570 vi.
874 1532 898 1584 9,
917 1518 988 1570 Plut.
1008 1519 1079 1569 Mor.
1098 1530 1172 1583 1043,
1190 1516 1293 1569 Athen.
1312 1527 1372 1583 257,

228 1587 288 1638 Aet.
302 1588 335 1639 V.
352 1589 389 1640 H.
403 1587 437 1638 vi.
456 1602 494 1654 13,
508 1589 579 1641 Aen.
596 1590 675 1641 Tact.
690 1607 715 1655 v,
735 1588 786 1640 sed
805 1587 880 1656 quod
899 1605 963 1640 cum
988 1587 1156 1655 Idanthyrso
1180 1586 1286 1654 Scytha
1307 1602 1373 1638 con·

228 1656 351 1723 iungitur
369 1674 386 1709 a
400 1657 557 1726 Chrysippo
577 1675 620 1726 ap.
637 1658 706 1711 Plut.
725 1673 810 1725 10433
830 1675 924 1711 acrem
943 1657 971 1710 in
991 1656 1186 1726 delinquentes
1205 1673 1258 1709 nec
1277 1666 1373 1709 tamen

228 1728 370 1780 crudelem
392 1738 530 1781 testantur
549 1730 619 1781 Aen.
639 1729 770 1782 Tacticus
789 1748 814 1796 v,
834 1729 997 1781 Athenaeus
1016 1740 1087 1795 257:
1117 1728 1223 1780 bonum
1243 1744 1277 1780 ex
1297 1727 1373 1780 Stra-

226 1797 308 1850 bonis
328 1797 421 1850 uerbis
441 1798 536 1851 elicias
550 1813 602 1865 310
617 1798 754 1850 ἐκαλοῦντο
773 1799 800 1851 δὲ
816 1798 942 1868 τύραννοι,
956 1800 1044 1867 καίπερ
1063 1799 1087 1851 oi
1104 1799 1209 1852 alitione
1226 1797 1374 1851 ἐπιεικεῖς

227 1870 361 1937 γεγονότες
381 1868 549 1934 ἀρξάμενοι
568 1869 625 1922 ἀπὸ
645 1870 826 1936 Παρισάδου
851 1870 898 1922 καὶ
919 1868 1073 1923 Λεύκωνος
1089 1878 1116 1922 et
1137 1868 1238 1921 Dionis
1253 1869 1331 1922 Orat.
1345 1867 1373 1921 ii.

226 1955 253 2007 p.
272 1953 315 1990 101
333 1938 446 2006 Reiske,
464 1955 548 2007 quem
563 1938 709 1993 Clintonus
728 1940 833 2007 citauit,
846 1942 891 1993 τὸν
907 1940 935 1993 δέ
951 1962 981 2010 γε
998 1939 1114 2008 ἀνδρεῖον
1131 1941 1171 1992 καί
1188 1939 1374 2007 φιλάνθρωπον

228 2010 268 2060 καὶ
281 2011 334 2062 τοῖς
346 2009 465 2075 ὑπηκόοις
476 2013 564 2063 εὔνουν
582 2049 588 2062 .
610 2049 616 2063 .
636 2050 642 2064 .
661 2013 706 2076 της
718 2011 807 2080 ἀρετῆς
821 2010 849 2080 (ὁ
858 2010 934 2079 Ζεύς)
947 2011 1080 2080 ἀγάμενος,
1090 2010 1124 2064 ὡς
1136 2011 1166 2062 τὸ
1178 2008 1246 2062 πολὺ
1258 2009 1305 2076 μὲν
1316 2008 1373 2078 όγει

225 2080 290 2144 πρὸς
306 2081 393 2148 γημας,
407 2079 520 2144 καθάπερ
537 2079 661 2146 ἀκούομεν
677 2083 761 2149 Κῦρόν
772 2103 800 2133 τε
815 2082 855 2134 καὶ
868 2084 978 2148 Δηῖόκην
994 2082 1038 2133 τδν
1052 2082 1140 2146 Μηδον
1157 2080 1198 2131 καὶ
1210 2079 1374 2148 Ἀγάθυρσον

226 2151 270 2202 τὸν
286 2149 383 2214 Σκύθην
400 2151 440 2202 καί
456 2148 582 2202 Λεύκωνα.
620 2151 697 2204 Talis
713 2151 760 2221 qui
775 2151 835 2220 fuit,
848 2162 876 2206 et
892 2169 977 2205 senex
993 2161 1021 2205 et
1037 2150 1101 2204 felix
1118 2160 1243 2204 mortuus
1262 2159 1313 2214 est,
1327 2149 1373 2202 uix

227 2236 291 2272 cum
311 2219 402 2273 fratris
418 2237 502 2274 uxore
516 2221 683 2274 adulterium
701 2222 800 2290 facere,
814 2224 859 2275 uel
878 2223 914 2275 ab
932 2223 986 2274 hae
1003 2222 1097 2275 necari
1111 2230 1229 2290 poterat,
1248 2229 1278 2273 ut
1296 2220 1374 2272 nulla

227 2299 323 2342 tantae
336 2291 494 2356 περιπετείας
507 2291 629 2344 narratio
643 2292 771 2346 extiterit.
810 2293 886 2346 Hinc
899 2294 1051 2346 Leuconem
1065 2291 1157 2360 potius
1170 2290 1294 2358 intelligo
1308 2307 1381 2342 eum·

228 2359 275 2428 qui
293 2377 327 2412 ex
340 2371 471 2428 quattuor
484 2361 546 2414 filiis
564 2363 744 2416 Athamantis
763 2374 790 2417 et
808 2363 1000 2417 Themistonis
1017 2362 1076 2430 fuit,
1090 2361 1208 2416 testibus
1223 2360 1373 2414 Herodoro

228 2447 273 2498 ap.
294 2432 386 2482 Schol.
401 2432 453 2499 Ap.
472 2433 506 2484 R.
524 2432 550 2484 ii.
573 2447 646 2499 1144,
666 2433 838 2502 Apollodoro
852 2433 867 2488 i.
882 2449 905 2501 9.
921 2449 945 2501 2,
965 2436 1065 2486 Tzetza
1083 2433 1120 2486 ad
1141 2434 1205 2500 Lyc.
1225 2446 1266 2484 αι.
1305 2433 1372 2483 Non

227 2502 346 2553 multum
359 2518 453 2553 moror
469 2502 545 2571 quod
558 2502 677 2555 filiorum
693 2504 808 2557 nomina
825 2521 895 2574 quos
908 2504 1055 2558 Themisto
1068 2503 1179 2570 occidit,
1194 2501 1331 2556 Plinthius
1345 2511 1373 2554 et

229 2572 425 2624 Orchomenus
451 2583 515 2626 sunt
541 2590 584 2641 ap.
614 2574 719 2642 Hygin.
737 2589 795 2642 239.
834 2575 907 2628 Vide
927 2592 999 2643 quae
1017 2575 1054 2628 ad
1075 2577 1176 2642 Hyg.1
1200 2572 1372 2625 Munekerus

228 2641 362 2695 enotauit.
417 2645 478 2695 311.
498 2648 801 2708 carissimaeorpora
811 2645 903 2698 uxoris
914 2656 941 2698 et
955 2644 1182 2698 concubinarum.
1208 2644 1372 2696 Athenaeus

230 2724 280 2779 529
292 2730 326 2765 ex
341 2713 436 2765 Ctesia
448 2724 542 2767 narrat
557 2715 790 2784 Sardanapallum
807 2715 924 2784 periisse
936 2717 1019 2784 πυρὰν
1032 2715 1143 2782 νήσαντα
1155 2712 1226 2803 ipos
1237 2713 1373 2782 τεσσάρων

226 2783 354 2848 πλέθρων,
364 2782 407 2852 ἐφ’
421 2783 450 2851 ἧς
462 2785 568 2851 ἐπέθηκε
581 2787 681 2853 χρυσᾶς
697 2786 783 2841 κλίνας
796 2787 884 2839 ἑκατὸν
900 2787 942 2838 καὶ
954 2784 1109 2852 πεντήκοντα
1125 2786 1165 2836 καί
1179 2805 1237 2838 ισας
1248 2783 1374 2853 τραπέζας

228 2855 267 2904 καὶ
287 2852 379 2907 ταύτας
394 2857 501 2922 χρυσᾶς.
527 2855 634 2922 ε’ποίησε
652 2856 680 2907 δὲ
695 2857 723 2908 έν
740 2857 771 2923 τῇ
789 2859 856 2925 πυρᾷ
876 2857 916 2909 καὶ
935 2854 1025 2923 οἴκημα
1044 2855 1219 2923 έκατόμποδον
1233 2854 1262 2906 ἐκ
1278 2852 1373 2922 ξύλων,

227 2923 353 2976 κάνταῦθα
366 2924 451 2979 κλίνας
464 2925 623 2995 ὑπεστόρεσε
635 2927 676 2979 καὶ
689 2927 821 2993 κατεκλίθη
831 2927 939 2980 ἐνταῦθα
951 2928 1026 2981 αὐτός
1035 2949 1063 2980 τε
1076 2927 1115 2978 καὶ
1128 2926 1192 2993 μετὰ
1203 2927 1248 2992 τῆς
1257 2925 1374 2994 γυναικὸς

227 2994 305 3048 αὐτοῦ
319 2995 359 3046 καὶ
371 2996 397 3047 αἱ
408 2996 563 3050 παλλακίδες
577 2996 604 3050 έν
617 3000 671 3051 τοῖς
683 2996 774 3051 άλλαις
787 2999 891 3053 κλίναις.
930 2996 1084 3066 (Saluagn.)
1223 2999 1288 3049 312.
1303 2999 1374 3048 Sar-

227 3067 421 3129 danapallue.
452 3067 554 3121 Athen.
571 3080 621 3137 529
633 3067 851 3135 Σαρδανάπαλλος
867 3067 896 3120 ὃν
909 3071 932 3120 ol
948 3071 995 3133 μέν
1008 3067 1231 3136 Ἀνακυνδαράξεω
1248 3066 1374 3135 λέγουσιν

227 3137 289 3200 υἱόν,
303 3137 327 3186 οἱ
340 3136 367 3189 δὲ
379 3134 564 3206 Ἀναβαξάρου.
628 3141 692 3192 313.
712 3143 823 3203 Libyci
837 3139 912 3192 Iouis
925 3137 1082 3191 Ammonis.
1112 3141 1232 3191 uiolare
1244 3136 1374 3205 ἐμπρῆσαι

230 3207 337 3260 Herod.
360 3207 397 3261 iii.
419 3220 459 3274 25.
509 3215 656 3272 parantes
678 3209 781 3263 milites
801 3210 903 3263 missos
923 3227 940 3263 a
964 3210 1104 3277 Cambyse
1126 3226 1192 3277 rege
1215 3210 1373 3261 Persarum.

228 3279 293 3329 314.
311 3281 393 3331 Aeta
404 3284 479 3331 noto
492 3296 557 3332 cum
570 3280 642 3333 inter
655 3281 744 3334 Oasin
757 3290 784 3333 et
797 3280 964 3333 Ammonios
977 3279 1063 3333 medii
1075 3289 1179 3347 essent,
1191 3279 1295 3347 λέγεται
1313 3317 1321 3331 .
1339 3317 1346 3331 .
1366 3319 1371 3331 .

227 3346 335 3414 άριστον
365 3348 536 3416 αἱρεομένοισι
571 3350 686 3403 αὐτέοισι
717 3351 867 3404 ἐπιπνεῦσαι
901 3349 974 3404 νότον
1007 3350 1088 3419 μέγαν
1119 3371 1147 3402 τε
1177 3351 1217 3402 καὶ
1250 3348 1374 3415 ἐξαίσιον,

227 3420 357 3485 φορέοντα
375 3419 402 3469 δὲ
419 3418 489 3472 θῖνας
504 3421 549 3483 τῆς
564 3422 674 3489 ψάμμου
688 3427 835 3490 καταχῶσαι
850 3419 936 3490 σφέας
953 3423 993 3473 καί
1008 3423 1095 3491 τρόπῳ
1109 3417 1215 3490 τοιούτῳ
1228 3418 1373 3485 ἀφανισθῆ-

228 3509 275 3540 ναι.
315 3489 422 3542 Herod.
442 3488 478 3542 iii.
495 3490 529 3541 26
548 3490 655 3557 (Const.
671 3491 752 3556 Fan.)
859 3495 924 3545 315.
942 3498 1124 3546 necatorum
1142 3495 1238 3544 Darei
1254 3491 1374 3542 fraude.

228 3559 291 3611 Val.
310 3559 460 3626 Maximus,
480 3559 555 3613 unde
573 3577 624 3614 sua
643 3562 720 3615 duxit
744 3562 931 3629 Scholiasta*,
953 3564 1024 3616 haec
1044 3561 1112 3614 dicit
1134 3561 1169 3616 ix.
1184 3561 1238 3614 2.6
1258 3562 1373 3614 Extern.

231 3629 322 3681 Octms
352 3635 445 3681 autem
475 3631 528 3698 qni
550 3634 649 3699 posteo
675 3633 787 3686 Dom'ns
816 3635 976 3703 appellatus
1003 3638 1050 3701 est,
1075 3633 1249 3686 sanctissimo
1278 3632 1375 3683 Persis

227 3700 411 3752 inreinrcmeto
436 3700 589 3768 obstrictus,
610 3718 644 3754 ne
667 3720 747 3771 qnem
771 3721 807 3756 er
829 3706 1036 3828 com'nrotionel
1050 3720 1121 3772 qceae
1144 3707 1246 3772 septem
1269 3702 1375 3772 Magos

227 3785 289 3820 cnm
316 3786 346 3821 co
374 3773 633 3847 oppresseratont
656 3791 760 3826 neneno
788 3781 840 3828 oret
860 3776 943 3845 ferro
969 3792 1007 3827 aee
1047 3775 1108 3827 nlla
1138 3775 1171 3826 ni
1199 3779 1250 3826 aut
1275 3774 1375 3841 inopia

227 3839 424 3892 alineentornm
438 3847 553 3908 necaret,
564 3844 745 3897 crudeliorem
758 3847 857 3898 mortis
869 3848 1005 3898 rationem
1018 3846 1196 3914 excogitauit,
1210 3860 1267 3912 qna
1279 3859 1381 3895 onero·

225 3925 269 3960 sos
290 3910 344 3960 sibi
366 3927 422 3962 non
442 3915 581 3982 perrupto
605 3916 750 3983 religionis
774 3917 888 3970 nincnlo
912 3918 1027 3970 tolleret.
1065 3917 1183 3984 Septnm
1207 3916 1281 3966 enim
1306 3914 1376 3966 altis

220 3981 380 4048 parietibus
391 3983 481 4035 locum
494 3984 584 4037 cinere
596 3987 751 4054 corrtplenit,
763 3988 960 4056 suppositoque
971 3989 1050 4056 tigno
1060 3988 1246 4055 prominente,
1260 3985 1376 4054 benigne

224 4050 282 4102 'celio
303 4056 331 4103 et
345 4055 459 4121 potione
479 4059 603 4124 exceptos
623 4058 654 4108 in
673 4074 702 4109 eo
720 4057 888 4121 collocabnt;
911 4076 925 4110 e
942 4075 997 4126 qno
1014 4074 1110 4110 somno
1128 4057 1220 4125 sopiti,
1238 4057 1270 4107 in
1291 4057 1374 4108 z'llam

225 4121 389 4174 insidiosam
408 4128 561 4193 congeriem
580 4127 744 4180 decedebant.
785 4129 865 4196 Quae
878 4128 1033 4182 coniuratio
1053 4128 1107 4180 ista
1125 4125 1215 4194 fuerit,
1231 4125 1374 4192 nescitur;

225 4191 337 4271 uidetur
354 4211 405 4262 per
422 4211 545 4248 errorem
564 4196 649 4251 ducta
667 4216 701 4251 ex
721 4199 826 4252 Herod.
844 4198 879 4252 iii.
895 4212 929 4263 70
942 4216 1001 4268 sqq.
1022 4199 1069 4251 ubi
1090 4197 1195 4251 Darius
1210 4199 1221 4249 l
1241 4213 1305 4249 cum
1324 4213 1374 4249 sex

226 4261 287 4315 ahis
312 4265 413 4332 Magos
434 4276 554 4335 occupat
574 4268 758 4338 trucidatque.
806 4269 916 4324 Ctesias
938 4279 1069 4339 quattuor
1091 4276 1294 4322 commemorat
1319 4268 1374 4321 hac

259 4410 277 4519 *f
289 4408 373 4455 Nescio
385 4425 431 4469 quo
445 4426 522 4458 errore
534 4411 594 4458 hanc
606 4412 724 4461 historiam
741 4415 763 4460 in
780 4423 890 4475 apparatu
906 4414 1014 4462 ficticiam
1027 4415 1081 4462 dixi.
1116 4415 1208 4461 Fieticia
1219 4428 1267 4460 non
1279 4422 1320 4471 est,
1333 4414 1373 4459 sed

220 4488 264 4519 con
276 4489 321 4522 usa.
