3038 5010
180 398 269 457 xxxvi
584 396 912 458 PROLEGOMENA.

180 557 338 627 ἀνιχνεῦσαι,
353 555 420 624 ὅμως
435 555 456 610 δ’
472 553 517 610 οὖν
531 557 556 613 ίς
570 559 654 611 κοῖτον
668 556 808 628 τρεπομένη
821 556 894 610 λούει
913 578 941 609 τε
959 559 1084 626 πρότερον
1096 555 1186 623 ἑαυτὴν
1199 555 1240 607 καί
1259 553 1329 608 ἔκκα-

181 638 272 710 θοίρει.
315 635 393 693 Nam
414 646 445 694 ut
466 645 510 693 est
529 637 725 706 uoracissima,
746 654 807 695 non
829 635 910 712 aquis
931 644 1043 694 tantum
1065 643 1093 691 et
1112 633 1266 710 paludibus
1286 634 1330 691 in·

182 716 289 776 cedens
303 717 397 791 pisces
412 735 555 793 ranasque
569 726 598 775 et
613 736 687 794 quae
702 717 803 775 limum
817 717 948 776 incolunt
961 716 1094 784 absumit,
1109 715 1162 773 sed
1175 724 1204 772 et
1216 715 1331 772 uiamm
1377 790 1380 795 Ι

182 798 349 875 quisquilias
370 809 399 855 et
419 797 606 857 macellorum
627 809 838 874 purgamenta:
860 807 891 855 ut
910 815 1025 872 semper
1043 796 1151 872 aliquid
1167 813 1270 854 uorare
1284 795 1331 853 uel

182 878 264 955 quod
284 889 366 937 uoret
386 879 483 936 rimari
503 879 643 938 uideatur.
686 880 798 937 Aelian.
814 878 855 937 H.
869 879 905 936 A.
920 897 947 936 x.
962 897 998 954 29
1014 882 1236 951 Πολοβορώτοτον
1249 878 1277 933 ὃν
1290 878 1331 932 καὶ

181 965 399 1034 κοκοβορώτοτον.
421 959 514 1018 Strab.
532 964 568 1019 82
574 981 590 1036 3
609 960 645 1019 de
665 960 841 1019 Alexandria
858 960 983 1036 loquens
999 956 1180 1033 Ἧμερώτοτοο
1198 959 1250 1029 δή
1270 955 1330 1028 ἶβις,

182 1044 349 1115 πελαργόδης
361 1043 408 1113 μὲν
422 1045 484 1097 κατὰ
498 1045 586 1114 σχῆμα
599 1044 640 1097 καὶ
653 1044 768 1116 μέγεθος,
783 1043 853 1112 διττὴ
868 1043 895 1097 δὲ
909 1043 955 1112 τὴν
967 1042 1082 1114 χρόαν,ἡ
1097 1042 1143 1107 μὲν
1156 1041 1331 1113 πελαργόδης,

182 1124 198 1195 ἡ
223 1124 250 1178 δέ
274 1124 322 1191 όλη
346 1124 460 1194 μελαινα.
495 1125 577 1194 μεστὴ
602 1123 624 1178 δ’
645 1125 729 1178 αὐτῶν
748 1125 838 1179 ἅπασα
857 1123 956 1194 τρίοδος
977 1125 1004 1178 ίν
1022 1120 1210 1194 Ἀλεξανδρεία,
1230 1125 1265 1192 πῆ
1286 1121 1332 1191 μίν

183 1206 325 1276 χρησίμως,
340 1207 374 1273 πῆ
394 1204 416 1259 δ’
431 1205 462 1258 οὔ
481 1206 622 1278 χρησίμως·
644 1204 778 1278 χρησίμως
796 1206 842 1276 μὲν
855 1205 895 1260 ότι
910 1208 961 1260 πᾶν
974 1205 1062 1276 θηρίον
1077 1203 1175 1276 ε’κλίγει
1193 1205 1234 1258 καί
1253 1205 1285 1258 τὰ
1303 1202 1332 1256 ίν

183 1290 237 1342 τοῖς
255 1287 421 1358 κρεοπωλίοις
439 1287 479 1340 καλ
499 1289 553 1344 τοῖς
569 1287 731 1358 ἀψοπωλίοις
748 1287 954 1359 ἀποκαθόρματα·
976 1283 1145 1357 δυσχρήστως
1159 1284 1195 1354 δὲ,
1210 1284 1250 1339 ότι
1262 1306 1331 1350 παμ-

183 1366 270 1439 φάγον
289 1368 330 1422 καί
350 1367 490 1439 ἀκάθαρτον
512 1369 552 1422 καὶ
574 1369 708 1424 δυσκόλως
730 1367 912 1440 ἀπειργόμενον
932 1367 983 1422 ἀπό
1003 1372 1054 1420 τῶν
1074 1366 1199 1436 καθαρίων
1219 1367 1259 1420 καὶ
1281 1369 1332 1419 τῶν

184 1448 328 1521 ἀλλοτρίων
350 1451 487 1519 μολυσμοῦ
510 1451 612 1506 πόντος.
655 1447 719 1506 Nec
743 1447 800 1506 ulla
824 1465 869 1505 res
894 1446 1073 1506 constantius
1098 1446 1201 1503 tradita
1225 1453 1269 1503 est
1292 1443 1330 1502 ab

184 1528 310 1603 antiquis
334 1546 423 1603 quarn
451 1528 522 1586 ibin
550 1546 671 1588 uorare
700 1538 886 1604 serpentes
938 1527 1030 1601 Quod
1054 1527 1106 1585 etsi
1134 1525 1214 1584 nullo
1239 1524 1331 1583 modo

184 1619 280 1685 potest
304 1627 368 1667 esse
392 1627 501 1679 uerum,
526 1620 558 1667 ut
583 1629 620 1668 ex
644 1611 821 1668 curatissima
845 1609 1030 1685 inquisitione
1056 1607 1212 1683 Sauignius
1236 1605 1330 1676 euicit,

185 1690 259 1748 adeo
281 1690 483 1766 peruulgatnm
505 1701 548 1750 est
569 1701 600 1749 ut
622 1711 639 1749 a
662 1692 807 1767 plerisque
829 1692 995 1749 etiamnunc
1020 1706 1073 1765 pro
1093 1707 1163 1746 uero
1184 1688 1331 1746 habeatur.

184 1771 264 1829 Nulli
286 1789 347 1829 non
371 1772 496 1831 innotuit
516 1771 613 1831 fabula
633 1773 680 1830 illa
701 1772 846 1830 Herodoti
870 1772 897 1830 ii.
922 1786 968 1846 75.
993 1773 1040 1846 76,
1062 1788 1125 1827 esse
1149 1770 1180 1826 in
1203 1767 1332 1827 confinio

185 1853 312 1911 Arabiae
336 1861 365 1910 et
386 1852 512 1929 Aegypti
535 1853 634 1912 locum
657 1855 737 1912 iuxta
760 1854 861 1912 urbem
886 1853 962 1912 Buto
987 1852 1036 1911 ubi
1060 1853 1178 1909 ineunte
1201 1869 1270 1910 uere
1295 1867 1332 1907 ex

185 1934 293 1992 Arabia
306 1933 439 1991 uolantes
453 1944 600 2010 serpentes
619 1953 685 1993 cum
704 1935 799 1993 ibibus
818 1934 994 2011 confligant;
1016 1951 1034 1991 a
1054 1932 1159 2010 quibus
1181 1932 1249 2009 quia
1268 1931 1333 1988 uin-

185 2025 287 2073 cantur
310 2015 371 2072 ibin
394 2016 467 2073 inter
488 2015 649 2091 Aegyptios
672 2034 781 2092 magno
806 2017 836 2074 in
860 2016 973 2075 honore
994 2033 1065 2073 esse.
1108 2012 1183 2071 Eam
1203 2012 1333 2070 fabulam

185 2096 381 2171 repetiuerunt
403 2094 506 2154 Cicero
528 2097 565 2155 de
586 2096 624 2155 N.
644 2097 681 2154 D.
703 2098 720 2155 i.
738 2117 805 2169 101,
827 2097 936 2154 Plinius
957 2095 997 2153 H.
1018 2095 1056 2153 N.
1079 2114 1105 2153 x.
1124 2108 1171 2169 75,
1192 2092 1333 2151 Aelianus

187 2176 227 2234 H.
248 2175 284 2233 A.
305 2176 332 2234 ii.
354 2180 391 2250 38
414 2176 472 2248 fin,
494 2178 591 2235 Amm.
614 2177 705 2238 Marc.
726 2179 792 2236 xxii.
816 2193 861 2251 15.
885 2181 931 2249 26,
954 2177 1069 2236 Solinus
1090 2195 1119 2252 p.
1141 2179 1206 2233 162.
1228 2193 1264 2246 14
1286 2173 1332 2232 ed.

187 2256 365 2316 Mommsen.
409 2257 592 2334 Serpentium
606 2278 744 2318 uoracem
758 2260 818 2317 ibin
832 2260 965 2318 dixerunt
978 2257 1066 2317 Diod.
1081 2259 1099 2314 i.
1113 2261 1160 2331 87.
1172 2259 1200 2327 6,
1214 2254 1333 2330 Ioseph.

186 2339 285 2415 Antiq.
306 2339 333 2397 ii.
352 2358 398 2410 ro,
420 2338 488 2398 Mel.
510 2340 548 2397 iii.
569 2344 615 2411 81,
638 2340 742 2399 quen.
760 2360 806 2401 xv.
828 2360 855 2414 3,
876 2340 986 2399 Aelian.
1009 2339 1049 2398 Η.
1069 2340 1105 2396 Α.
1126 2358 1154 2397 x.
1176 2357 1212 2412 29
1235 2337 1284 2414 qui
1305 2346 1334 2394 et

187 2421 318 2496 scorpios
340 2422 378 2479 ab
399 2438 434 2479 ea
455 2422 570 2480 comedi
592 2422 684 2488 tradit,
702 2422 800 2480 Amm.
815 2421 905 2481 Marc.
921 2422 987 2480 xxii.
1007 2436 1051 2494 15.
1069 2423 1115 2491 26,
1134 2419 1249 2477 Solinus
1268 2419 1333 2476 162.

190 2521 224 2560 11
246 2500 288 2559 M.
314 2500 402 2560 Circa
421 2503 525 2560 easdem
549 2505 627 2578 ripas
647 2505 705 2562 aler
724 2511 764 2561 est
783 2505 843 2562 ι’όίς.
871 2522 902 2560 eu
925 2504 1089 2578 serpentium
1107 2500 1261 2575 populatur
1281 2518 1334 2557 oua

183 2585 429 2661 gratissimamque
445 2604 483 2643 ex
501 2585 547 2643 his
566 2604 652 2642 ercam
673 2587 748 2642 nadal·
768 2588 827 2643 suri·
848 2585 954 2661 desert:
976 2585 1017 2641 sr‘c
1030 2589 1178 2641 rarescunt
1185 2587 1335 2656 prouentus

175 2666 291 2742 fetuum
310 2667 477 2722 noxiorum:
504 2683 578 2741 quos
596 2665 678 2724 locos
693 2667 840 2742 congessit
855 2666 1009 2742 Sauignius
1030 2683 1078 2741 pp.
1098 2683 1164 2735 ror,
1182 2681 1197 2719 2
1218 2672 1247 2721 et
1267 2671 1334 2738 post

187 2763 256 2804 eum
271 2744 376 2822 Mayor
389 2747 428 2804 ad
441 2747 543 2806 quen.
557 2766 603 2804 xv.
619 2766 645 2821 3.
1273 2768 1276 2774 ·

229 2825 334 2902 Neque
348 2828 490 2886 uoracitas
505 2827 600 2886 solum
614 2838 642 2886 et
656 2847 731 2904 quae
745 2847 812 2888 curn
826 2828 882 2888 hac
897 2828 1082 2903 coniungitur
1100 2826 1273 2886 creberrima
1290 2826 1335 2884 sui

188 2909 323 2985 purgatio
338 2908 367 2965 in
385 2908 467 2968 Ibide
482 2909 576 2967 notari
590 2920 711 2986 poterat.
754 2909 832 2969 Nam
847 2921 875 2969 et
889 2911 1005 2968 incessu
1022 2908 1075 2967 fuit
1093 2908 1172 2966 lento
1192 2917 1221 2966 et
1240 2925 1334 2982 paene

187 2989 320 3064 uirginali
336 2986 411 3068 (Ael.
426 2988 467 3048 H.
482 2991 519 3049 A.
534 2991 562 3049 ii.
576 2988 626 3068 38)
641 3001 673 3049 ut
690 3010 773 3051 crura
787 2992 908 3068 singulis
921 2991 1055 3067 passibus
1070 2990 1199 3049 cubitum
1214 2989 1288 3046 inter
1303 3005 1334 3046 se

189 3071 386 3129 dimetirentur
401 3070 477 3150 (Ael.
493 3091 521 3131 x.
538 3070 597 3151 29),
612 3082 641 3130 et
654 3073 749 3148 pullos
770 3074 889 3149 gignere
911 3072 989 3131 coitu
1010 3089 1062 3147 per
1083 3089 1117 3129 os
1135 3070 1212 3130 facto
1234 3069 1333 3128 crede-

188 3153 273 3210 batur
292 3153 368 3232 (Ael.
383 3172 411 3212 x.
429 3173 465 3228 29
483 3153 615 3229 μίγνυνται
636 3156 663 3210 δὲ
684 3160 736 3213 τοῖς
757 3155 871 3227 στόμασι
891 3156 931 3209 καὶ
950 3156 1156 3210 παιδοποιοῦνται
1177 3157 1222 3210 τὸν
1241 3152 1337 3226 τρόπον

188 3239 286 3304 τοῦτον,
309 3233 408 3292 Amm.
428 3234 520 3294 Marc.
537 3236 606 3293 xxii.
625 3250 669 3309 15.
689 3238 725 3293 26
743 3246 795 3311 per
815 3242 908 3294 rostra
918 3236 1001 3312 setus
1021 3234 1095 3290 edere
1115 3231 1285 3312 accepturas),
1307 3241 1336 3291 et

189 3315 348 3373 diutissime
375 3316 465 3374 uitam
494 3317 654 3392 producere
683 3314 759 3396 (Ael.
780 3336 808 3374 x.
833 3318 882 3395 29)
910 3326 939 3375 et
966 3316 1102 3373 intestino
1131 3334 1196 3374 esse
1224 3324 1336 3391 praeter

188 3395 312 3454 modum
333 3396 447 3471 prolixo
462 3396 636 3477 (nonaginta
657 3416 707 3456 sex
729 3398 893 3456 cubitorum
914 3397 1011 3474 prodit
1025 3396 1164 3455 Aelianus
1183 3416 1211 3456 x.
1228 3393 1292 3473 29),
1307 3405 1335 3454 et

190 3495 257 3536 cum
273 3477 358 3536 Luna
371 3479 518 3553 quendam
532 3477 638 3536 habere
652 3479 811 3537 naturalem
828 3496 1015 3550 consensum,
1031 3478 1111 3554 quod
1130 3479 1283 3537 obscurata
1302 3495 1337 3535 ea

190 3558 338 3617 coniueret
352 3558 448 3617 donec
462 3561 492 3617 in
506 3559 626 3635 plenum
641 3561 743 3618 orbem
756 3570 945 3619 reuerteretur
956 3559 1032 3637 (Ael.
1044 3579 1072 3618 x.
1086 3556 1145 3635 29),
1156 3569 1185 3618 et
1199 3579 1235 3618 ex
1249 3568 1336 3618 auctu

190 3639 252 3697 eius
276 3638 322 3697 uel
349 3638 539 3698 diminutione
565 3640 662 3698 cibum
686 3652 804 3717 augeret
828 3642 882 3700 uel.
900 3641 1072 3700 diminueret
1093 3640 1134 3720 (ii.
1157 3637 1217 3715 35),
1240 3651 1269 3699 et
1293 3649 1336 3698 tot

190 3719 292 3777 diebus
306 3718 402 3795 pullos
417 3721 481 3779 ouis
496 3719 661 3780 excluderet
681 3734 753 3798 quot
771 3741 808 3781 ea
826 3732 967 3782 cresceret
984 3732 1205 3798 senesceretque
1220 3720 1259 3800 (x.
1277 3720 1337 3800 29).

191 3799 276 3858 Haec
291 3799 486 3860 Callimachus
500 3812 531 3859 ut
546 3813 606 3861 erat
621 3803 761 3862 inanium
776 3812 878 3863 natura
891 3802 1057 3879 indaganda
1071 3804 1208 3875 curiosus,
1224 3804 1337 3879 scripsit

190 3881 270 3940 enim
286 3881 390 3940 librum
403 3887 463 3955 περὶ
477 3882 597 3956 aprima*
612 3895 661 3942 aut
676 3886 776 3954 omnia
790 3895 839 3943 aut
855 3894 966 3960 partem
988 3884 1167 3944 adhibiturus
1188 3895 1256 3954 erat,
1277 3902 1336 3960 quo

190 3962 304 4038 plenius
322 3962 352 4019 in
372 3981 426 4021 aue
442 3964 592 4022 inimicum
607 3966 799 4024 insectaretur.
842 3965 902 4036 Qui
916 3968 1050 4042 quamuis
1064 3965 1232 4025 foeditatem
1246 3966 1336 4043 potis-

191 4043 298 4102 simum
312 4045 373 4102 auis
387 4045 544 4117 incesserit,
559 4046 588 4103 in
603 4047 760 4122 Apollonio
775 4047 804 4105 id
818 4065 942 4123 arguens
957 4048 1038 4105 cuius
1052 4048 1115 4123 ipse
1130 4047 1167 4105 ab
1177 4047 1337 4123 Apollonio

192 4125 366 4200 arguebatur
376 4126 556 4204 (Καλλίμαχος
570 4131 599 4183 τὸ
613 4126 891 4205 κάθορμο)-ἰ6εχοο
906 4129 936 4185 in
951 4127 1027 4186 ibide
1041 4129 1196 4188 insectatus
1211 4129 1291 4205 quod
1306 4129 1336 4187 in

191 4205 328 4264 omnibus
348 4207 437 4266 triuiis
459 4207 653 4267 Alexandriae
671 4210 779 4269 uidisse
800 4227 831 4268 se
852 4209 956 4267 Strabo
976 4219 1095 4268 testatus
1114 4220 1166 4282 est,
1180 4215 1231 4267 πᾶν
1251 4212 1339 4282 θηρίον

191 4289 348 4360 ι’κλέγουσαν
361 4291 400 4345 καὶ
414 4291 446 4344 τό
460 4292 487 4345 ἐν
500 4294 553 4348 τοῖς
567 4293 733 4364 κρεοπωλίοις
749 4292 789 4346 καὶ
806 4295 860 4349 τοῖς
878 4292 1040 4365 όψοπωλίοις
1057 4293 1337 4365 ἀπυκαθόρματα-

368 4458 382 4490 *
400 4456 537 4520 Fragmenta
548 4458 640 4522 collegit
651 4459 680 4506 0.
693 4458 838 4507 Schneidems
850 4459 939 4508 Gallim.
949 4460 973 4509 ii.
990 4472 1027 4521 pp.
1044 4458 1164 4525 τρο-296.
