3038 5010
240 396 270 458 lii
652 393 977 457 PROLEGOMENA.

238 576 336 633 genas.
377 556 424 614 Ex
439 555 522 615 Ibide
535 555 621 614 etiam
636 554 723 612 credo
742 555 901 630 sumpsisse
915 553 1050 612 Boetium
1067 572 1103 612 ea
1117 570 1192 628 quae
1206 553 1339 629 leguntur
1353 553 1390 611 de

246 638 335 697 Cous.
366 637 533 713 Philosoph.
561 638 588 696 ii.
614 638 632 693 6
663 634 735 696 Cura
762 636 879 694 liberum
907 636 1040 710 quendam
1067 637 1162 692 aarum
1189 635 1336 709 suppliciis
1362 652 1391 691 sc

244 726 381 792 tyrannus
404 720 568 777 adacturum
582 724 698 793 putaret
709 724 741 774 ut
752 719 887 774 aduersus
900 737 927 775 sc
936 718 1037 795 factae
1060 717 1259 774 coniurationis
1272 717 1391 773 conscias

237 801 374 879 proderet,
387 802 514 878 linguam
528 800 575 857 tlle
590 800 736 857 momordit
751 805 830 872 atquc
844 797 967 868 abscidit,
981 804 1007 856 ct
1025 800 1055 855 c'n
1069 816 1097 855 as
1111 799 1229 870 tyranni
1244 797 1393 855 saeuientis

245 881 362 940 abcca't.
378 925 385 940 .
401 925 407 940 .
424 881 608 941 ,Busiridem
629 882 788 955 accepimus,
810 898 907 937 nccare
926 879 1044 954 hospites
1070 879 1186 949 salttum,
1210 877 1244 936 ab
1268 877 1392 935 Irlcrculc

243 963 347 1040 hospite
360 965 459 1042 fuisse
486 968 641 1020 mactatum.
681 959 811 1037 Regulus
836 961 935 1035 plures
963 959 1120 1018 Poenorum
1151 960 1216 1018 bello
1242 965 1334 1035 captas
1361 960 1391 1015 in

244 1045 359 1103 uincula
373 1045 527 1114 cmtzcccrat,
542 1044 590 1100 scd
602 1062 671 1102 mox
684 1044 741 1117 ipsc
759 1044 892 1100 uictorum
909 1045 1010 1101 catenis
1023 1061 1123 1100 manus
1132 1041 1270 1117 praebuit.
1312 1039 1392 1098 Nam

244 1144 306 1186 non
334 1125 430 1184 solum
452 1124 643 1183 Anaxarchus
667 1123 775 1182 Busiris
798 1123 928 1198 Regulus
953 1141 1028 1201 quos
1052 1123 1099 1181 hic
1126 1132 1338 1181 commemorat
1362 1121 1392 1178 in

246 1206 329 1267 Ibide
350 1206 449 1265 locum
469 1206 577 1264 habent
591 1203 673 1283 (571,
688 1224 756 1281 399,
773 1203 844 1283 281)
861 1206 913 1263 sed
930 1205 961 1262 in
978 1223 1037 1263 una
1050 1204 1142 1274 Ibide,
1157 1214 1300 1280 quantum
1321 1202 1392 1272 scio,

246 1306 315 1347 cum
333 1287 466 1347 Busiride
481 1287 613 1363 Regulus
633 1286 846 1361 inexemplum
864 1286 1031 1344 adsumitur.
1074 1283 1166 1357 Quod
1182 1303 1244 1344 non
1263 1285 1340 1343 cadit
1361 1284 1391 1341 in

245 1369 463 1440 Claudianum3
498 1369 548 1444 qui
576 1369 600 1426 si
627 1368 658 1425 in
682 1366 750 1426 Rus.
774 1368 792 1425 i.
819 1382 876 1440 252
903 1386 969 1444 sqq.
997 1367 1080 1424 Sinin
1108 1366 1229 1425 Scirona
1256 1365 1392 1424 Phalarin

244 1449 422 1510 Diomedem
437 1450 551 1509 Busirin
568 1449 725 1520 coniunxit,
740 1449 770 1506 in
784 1448 905 1525 Eutrop.
920 1450 937 1506 i.
956 1451 1012 1506 160
1027 1466 1090 1525 sqq.
1105 1447 1262 1506 Thrasium
1277 1447 1392 1505 Busirin
1435 1478 1440 1485 ·

244 1531 379 1592 Perillum
399 1531 541 1604 Phalarin,
562 1531 655 1607 potuit
675 1530 729 1589 hos
752 1531 871 1607 quidem
893 1531 923 1589 in
944 1530 1026 1588 Ibide
1050 1547 1155 1588 omnes
1174 1529 1277 1605 legere,
1300 1528 1393 1603 potuit

245 1614 334 1672 etiam
346 1615 377 1671 in
391 1613 534 1673 Tristibus
548 1612 593 1671 uel
608 1611 678 1669 Arte
693 1613 850 1670 Amatoria.

287 1695 434 1754 Alucinari
449 1694 570 1753 fortasse
583 1693 713 1765 uidebor,
728 1693 780 1752 sed
800 1702 899 1751 tamen
918 1711 978 1751 non
997 1693 1129 1753 omittam
1146 1692 1244 1751 locum
1259 1690 1393 1765 Procopii

246 1794 306 1854 quo
336 1776 498 1836 Ouidianae
525 1774 617 1833 Ibidis
642 1774 783 1833 recordari
812 1775 914 1849 potuit.
956 1774 1035 1833 Nam
1063 1774 1100 1833 de
1129 1773 1296 1843 Theodat0,
1323 1789 1394 1846 rege

246 1857 423 1927 Gothorum,
448 1875 537 1934 quem
564 1856 698 1931 deposito
723 1873 815 1932 regno
837 1855 997 1932 fugientem
1024 1856 1157 1914 immicus
1181 1854 1296 1924 occidit,
1320 1854 1394 1911 haec

247 1949 342 1998 narrat
357 1938 394 1998 de
407 1938 473 1997 bell.
489 1937 579 1997 Goth.
593 1938 611 1996 I.
630 1955 662 1994 11
681 1941 729 1994 Καὶ
748 1941 825 1992 αὐτὸν
844 1939 870 1993 ἐν
887 1941 938 2013 ὁδῷ
957 1942 994 1994 ἔτι
1010 1942 1179 2011 πορευόμενον
1196 1939 1393 2007 καταλαμβάνει·

247 2023 274 2079 ἐς
290 2023 387 2092 {induis
399 2044 428 2075 τε
442 2019 532 2076 ὕπτιον
546 2020 695 2077 κατακλίνας
709 2021 810 2091 ὥσπερ
829 2023 939 2092 ἱερεῖόν
955 2043 984 2076 τι
1005 2020 1120 2076 ἔθυσεν.
1150 2017 1213 2088 αὕτη
1230 2041 1258 2074 τε
1273 2019 1395 2090 Θεοδότῳ

247 2103 415 2174 καταστροφὴ
428 2106 474 2157 τοῦ
487 2124 516 2156 τε
529 2102 589 2168 βίον
603 2102 701 2171 καὶτῆς
714 2101 846 2174 ἡγεμονίας
862 2103 948 2174 τρίτον
961 2100 1073 2174 ἐχούσης
1086 2103 1143 2158 ἔτος
1156 2100 1266 2174 ἐγένετο.
1307 2096 1394 2168 Quae

245 2199 317 2243 sane
331 2200 399 2242 cum
414 2181 565 2242 Ouidianis
580 2180 632 2239 illis

410 2262 538 2321 Victima
558 2261 605 2319 uel
625 2261 746 2320 Phoebo
769 2281 864 2322 sacras
885 2265 1019 2323 macteris
1040 2262 1077 2322 ad
1098 2281 1170 2332 aras,

453 2342 550 2415 Quam
572 2343 633 2401 tulit
655 2362 672 2402 a
693 2361 781 2402 saeuo
804 2344 976 2404 Theudotus
997 2344 1081 2404 hoste
1103 2362 1215 2403 necem.

249 2427 350 2486 nesci0
377 2425 448 2502 quid
474 2423 583 2483 habent
610 2426 825 2501 congruentiae,
853 2427 892 2485 ita
926 2438 1023 2486 tamen
1051 2436 1082 2485 ut
1111 2426 1202 2484 Ibidis
1229 2441 1330 2483 uersus
1358 2422 1397 2481 de

249 2506 407 2566 Theodato
425 2506 474 2564 illo
493 2506 578 2565 scribi
595 2524 657 2564 non
678 2508 831 2581 potuerint.
874 2508 938 2566 Nec
957 2525 1134 2583 quemquam
1152 2506 1242 2582 fugiet
1260 2506 1309 2582 qui
1329 2505 1395 2561 Ibin

249 2590 326 2648 norit
339 2589 454 2665 quoties
469 2586 634 2647 Gothorum
649 2587 800 2647 annalibus
813 2589 869 2648 hae
883 2589 1016 2648 historiae
1030 2596 1286 2664 repraesententur.
1319 2585 1394 2642 Vide

249 2688 298 2728 me
312 2670 350 2728 ad
364 2671 408 2728 Ib.
424 2671 492 2744 634.
534 2667 603 2740 Quo
622 2669 719 2744 potius
738 2679 877 2745 tempore,
897 2689 958 2729 non
973 2669 1099 2746 leiani‚
1119 2668 1200 2746 quod
1220 2668 1333 2729 uidetur
1352 2668 1396 2724 in·

250 2769 338 2811 nuere
348 2750 498 2810 Desselius
512 2750 549 2809 ad
560 2768 676 2809 uersum
690 2751 777 2809 istum
791 2750 916 2827 Quodque
918 2754 1026 2830 ferunt
1032 2751 1155 2810 Brotean
1160 2751 1262 2827 scczisc
1272 2750 1398 2824 cupidine

250 2835 346 2892 martis
359 2842 507 2908 tamquam
522 2850 559 2891 ex
573 2829 715 2902 Aleiato‚*
731 2833 797 2891 Ibin
812 2835 949 2908 scriptam
969 2832 1056 2892 fuisse
1073 2844 1105 2891 ut
1119 2832 1281 2908 suspicetur
1295 2842 1397 2888 auctor

251 2933 316 2974 sum
332 2915 358 2974 ei
372 2913 422 2991 qui
434 2912 584 2989 Hyginum
599 2930 664 2970 eam
674 2914 785 2985 citasse,
795 2914 959 2973 Martialem
970 2914 1073 2989 legisse
1085 2924 1173 2990 atque
1182 2913 1322 2971 imitatum
1332 2929 1396 2969 esse

251 3014 422 3072 persuasum
442 3012 504 3053 non
525 2994 661 3065 habuerit,
684 3013 780 3071 neque
801 2996 970 3055 intellexerit
991 3005 1022 3053 ut
1037 2995 1198 3071 Eutychen,
1217 2995 1258 3053 sic
1281 2993 1397 3052 Politia-

251 3095 322 3136 num
333 3076 518 3154 Leopardum
530 3075 686 3146 Sanctium,
696 3077 737 3137 sic
747 3076 901 3136 Heinsium
912 3076 1142 3153 Bentleiumque‚
1152 3077 1194 3136 sic
1205 3074 1396 3134 Niebuhrium

250 3177 285 3219 ac
300 3158 472 3218 Merkelibm
487 3175 541 3235 pro
554 3175 623 3216 uera
637 3167 724 3233 atque
739 3156 883 3217 Ouidiana
897 3158 1041 3217 habuisse.

271 3282 273 3285 -
292 3240 362 3299 Post
382 3239 543 3316 Eutychen,
566 3256 655 3315 quem
677 3257 744 3297 cum
768 3239 869 3300 Seruio
890 3239 1008 3298 Donato
1029 3239 1177 3299 PrIscIano
1205 3239 1280 3297 inter
1302 3256 1400 3314 gram-

251 3323 374 3381 maticos
392 3329 603 3380 commemorat
622 3321 742 3396 scriptor
758 3321 991 3380 hexametrorum
1010 3321 1104 3380 editus
1122 3337 1190 3379 cum
1207 3320 1332 3379 Alcuino
1350 3337 1398 3394 ap.

252 3402 355 3480 Migne
369 3401 406 3459 T.
422 3402 448 3460 Ii.
462 3420 491 3477 p.
508 3404 576 3473 844,
590 3419 681 3459 unum
698 3403 811 3477 repperi
830 3404 880 3478 qui
898 3403 965 3461 Ibin
985 3404 1116 3462 uideatur
1136 3402 1239 3478 legisse
1259 3420 1327 3459 eum
1349 3400 1397 3475 qui

251 3483 436 3542 hexametros
457 3483 570 3558 scripsit
590 3500 637 3556 ap.
655 3481 813 3558 Hagenum
835 3482 944 3560 (Carm.
965 3483 1048 3542 Ined.
1067 3483 1157 3542 Medii
1175 3483 1251 3541 Aeui
1271 3501 1299 3557 p.
1319 3478 1397 3555 133),

252 3567 315 3624 siue
328 3565 476 3634 Alcuinus,
492 3565 552 3622 siue
566 3562 639 3620 alius
654 3565 718 3638 quis
732 3564 790 3623 fuit.
835 3565 893 3624 Hic
907 3565 984 3623 enim
1003 3564 1072 3624 dicit
1088 3563 1159 3635 Quis
1172 3572 1228 3623 tarn
1245 3564 1399 3641 Cinyphiae

252 3646 420 3721 mentzifuit
431 3652 511 3719 atque
523 3645 688 3720 malignari
713 3646 863 3721 quodnisi
878 3666 914 3705 ex
930 3646 973 3704 Ib.
991 3665 1046 3703 222
1063 3646 1112 3704 uix
1127 3645 1261 3722 explices.
1304 3645 1399 3718 Lege-

252 3728 337 3786 batur
353 3737 451 3785 tamen
469 3735 498 3784 et
518 3727 685 3801 iuterpretes
704 3727 846 3787 habebat:
874 3729 947 3786 inter
965 3746 1040 3803 quos
1060 3737 1119 3786 erat
1134 3728 1273 3804 glossator
1291 3728 1321 3783 in
1341 3725 1400 3783 alcu

254 3810 335 3867 cuius
345 3808 524 3867 mentionem
534 3807 762 3867 fecitConradus
772 3810 808 3867 de
820 3808 904 3868 Mure
919 3828 942 3869 s.
951 3827 978 3866 u.
990 3808 1111 3867 Lacaan.
1148 3809 1230 3867 Idem
1246 3807 1399 3867 Comedus

253 3890 284 3947 In
298 3889 393 3948 indice
406 3906 529 3964 operum
543 3888 642 3948 Ouidii
659 3907 747 3965 quem
768 3890 912 3966 duplicem
928 3891 1044 3949 exhibet
1058 3909 1080 3948 s.
1091 3909 1120 3948 u.
1137 3889 1258 3948 Ouidius
1271 3887 1337 3946 Ibin
1353 3889 1400 3946 bis

252 3971 442 4030 nouissImam
463 3970 538 4030 lacit.
580 3971 625 4029 Eo
649 3973 743 4047 magis
765 3972 913 4031 admireris
937 3973 1017 4048 quod
1040 3972 1070 4029 iu
1094 3971 1182 4046 lyrico
1203 3971 1331 4030 carmine
1352 3988 1400 4044 ap.

253 4052 411 4128 Hagenum
434 4050 529 4111 Carm.
551 4051 632 4111 Ined.
654 4072 681 4129 p.
702 4056 761 4112 208
780 4053 829 4111 ubi
849 4067 1034 4112 recensentur
1055 4054 1159 4129 scripta
1181 4051 1288 4123 Ouidii,
1309 4051 1400 4109 Ibidis

289 4200 303 4229 ὓ
320 4197 396 4244 Verba
407 4198 490 4245 Alciati
501 4197 557 4245 haec
568 4205 620 4245 sunt
632 4199 723 4260 Parerg.
736 4198 780 4244 Iur.
792 4197 823 4244 iv.
835 4212 851 4260 4
864 4199 966 4244 Arbitror
981 4198 1079 4258 cIIquem
1092 4199 1140 4244 eius
1152 4199 1261 4260 temporis
1272 4198 1399 4245 studiosum

256 4263 351 4311 Luciaui
362 4265 469 4325 exemplo
480 4263 579 4310 hominis
590 4264 716 4310 memorIae
727 4263 867 4317 illudentem,
879 4263 994 4311 Ouidiano
1005 4264 1100 4310 carmini
1110 4264 1132 4309 in
1145 4263 1197 4309 IbIn
1212 4264 1331 4310 inseruIsse
1344 4262 1399 4309 illud

256 4328 383 4377 distichon:
402 4329 513 4392 Qtodquc
520 4329 605 4388 sanant
615 4330 727 4376 Prolem
735 4329 819 4388 fecisse
834 4328 938 4387 cupidine
954 4328 1034 4375 martis
1047 4329 1093 4375 Des
1108 4337 1150 4376 tua
1166 4344 1283 4377 succensae
1299 4329 1400 4376 membra

256 4395 381 4446 cremanda
393 4401 472 4454 pyrae.
506 4396 549 4442 Seu
566 4395 584 4440 si
598 4395 647 4454 quis
664 4396 793 4455 synaeresin
811 4395 833 4439 in
847 4395 930 4440 Proteo
946 4394 1087 4450 reformidat,
1099 4395 1183 4442 Protea
1200 4395 1307 4456 quodque
1324 4394 1400 4441 ierunt

252 4460 330 4511 secisse
341 4468 384 4508 etc.
