3038 5010
225 393 264 453 66
710 342 891 448 senonis

223 547 280 606 diis
307 544 468 606 sacrificato
495 544 596 604 Venus
623 553 667 606 est
695 562 778 623 prae-

224 631 313 689 terita
353 626 390 687 G.

267 712 336 782 562.
356 708 471 785 thue
498 726 560 767 sua
587 708 778 767 Macareus.
862 707 956 784 Supra
970 707 1063 783 tetigit
1081 706 1118 767 dc
1133 705 1251 766 Canace
1263 723 1373 780 sorore,

225 789 379 849 Macareus
394 808 461 848 cum
479 807 578 849 sorore
593 807 645 849 sua
660 788 778 849 Canace
820 788 1032 848 r'bt‘Biblidos
1047 799 1081 848 et
1095 788 1260 862 Canaces,
1275 788 1323 848 hic
1335 788 1372 848 de

224 872 322 932 coiuit
368 869 403 930 G.
819 871 914 943 fratre,
929 871 946 931 1.
961 870 1109 930 Macareo.
1154 868 1188 929 C.

268 953 336 1026 563.
356 951 421 1010 Vel
448 950 567 1011 uideas
592 951 684 1029 quod
708 951 782 1011 iam.
823 953 980 1024 Astianax,
1005 953 1085 1029 prius
1109 969 1199 1030 quam
1223 953 1261 1012 ab
1284 949 1372 1012 Vlixe

224 1033 470 1112 praecipitaretur,
481 1033 554 1092 uidit
567 1034 690 1109 patriam
704 1051 788 1093 suam
801 1033 985 1094 destructam.
1030 1032 1067 1094 G.

268 1117 336 1190 565.
364 1124 400 1173 ut
421 1133 484 1174 auo
505 1114 663 1190 genitore
684 1132 778 1175 crea·
861 1115 1026 1193 Descriptio
1055 1123 1100 1174 est
1132 1113 1248 1174 Adonis
1282 1131 1371 1192 quem
1401 1158 1405 1163 -

226 1206 288 1255 tus.
333 1196 470 1271 Superius
491 1194 529 1254 de
549 1205 643 1255 morte
662 1196 777 1255 Adoni·
819 1195 943 1257 Cinaras
968 1196 1005 1256 de
1028 1196 1117 1256 Mirra
1140 1196 1199 1255 filia
1223 1214 1276 1256 sua
1298 1215 1372 1272 gen·

226 1279 280 1349 dis,
301 1277 392 1336 modo
410 1277 447 1336 de
468 1295 556 1336 causa
577 1277 678 1337 mortis
696 1296 728 1337 .s.
745 1289 778 1338 ut
818 1279 868 1351 uit,
879 1279 959 1338 unde
972 1278 1035 1353 ipse
1049 1277 1103 1337 fuit
1116 1286 1144 1337 et
1156 1296 1228 1338 auus
1238 1286 1266 1337 et
1280 1287 1371 1354 pater.

226 1377 262 1418 ea
282 1376 370 1418 causa
394 1359 494 1419 mortis
516 1358 577 1419 lbis
599 1369 698 1436 pereat
719 1377 778 1437 qua
819 1360 950 1436 superius
959 1359 996 1418 de
1005 1360 1135 1435 simplice
1144 1369 1237 1419 morte
1246 1358 1370 1433 Adonis,

226 1440 350 1500 Adonis.
394 1438 432 1500 G.
819 1442 867 1500 hic
881 1440 917 1500 de
928 1458 1016 1500 causa
1029 1441 1131 1500 mortis
1144 1440 1280 1518 loquitur,
1292 1441 1372 1500 deea

819 1532 852 1581 ut
872 1540 960 1582 causa
979 1520 1040 1581 Ibis
1061 1532 1160 1599 pereat
1181 1539 1239 1599 qua
1255 1520 1372 1582 Adonis

762 1617 765 1622 ·
819 1604 895 1664 filius
919 1602 1045 1662 Cinarae
1068 1604 1160 1681 periit.
1211 1602 1259 1662 uel
1283 1621 1372 1681 supra

820 1685 858 1745 de
871 1697 966 1744 morte
977 1684 1111 1757 Cinarae,
1122 1685 1170 1744 hic
1181 1686 1213 1742 de
1226 1685 1370 1745 dedecore

819 1766 877 1838 filii,
889 1767 957 1842 quia
971 1774 1054 1842 pater
1064 1767 1125 1825 eius
1139 1766 1313 1826 dilaceratus
1327 1775 1371 1826 est

819 1866 837 1908 a
851 1848 971 1920 ciuibus,
987 1848 1011 1907 si
1024 1847 1064 1906 ibi
1078 1848 1205 1924 tangitur
1215 1847 1252 1907 de
1263 1846 1372 1909 Cinara

820 1929 998 2006 Cognitor.
1042 1928 1076 1988 C.

269 2015 338 2087 567.
376 2009 523 2071 Ossibus
557 2011 663 2089 inque
700 2011 778 2072 tnis.
854 2011 963 2070 ‘Vlixes
983 2011 1101 2070 maritus
1115 2009 1281 2087 Penelopes,
1296 2010 1371 2070 filiae

226 2093 422 2171 Telegonum¹
449 2093 550 2169 gennit
583 2089 701 2172 (Circe),
730 2093 780 2170 qui
820 2091 918 2165 Icarii,
933 2102 962 2152 et
981 2091 1048 2151 ideo
1067 2110 1159 2168 gener
1174 2093 1241 2164 eius,
1256 2111 1274 2150 a
1289 2090 1371 2151 Tele·

227 2176 419 2253 postmodum
446 2194 464 2233 a
492 2183 584 2234 matre
611 2192 666 2251 pro
691 2194 779 2253 quae·
820 2175 899 2233 dama
929 2174 989 2232 fflio
1021 2191 1076 2232 suo
1091 2174 1095 2178 “
1110 2172 1223 2233 fatifero
1251 2174 1372 2236 †aciroe

227 2257 320 2316 rendo
348 2266 428 2335 patre
455 2255 561 2315 missus
586 2256 624 2314 ad
647 2255 781 2315 Ithacam
820 2254 987 2316 interiectus
1007 2253 1067 2312 fuit.
1112 2253 1146 2315 C.

227 2341 331 2397 urbem
350 2348 380 2398 et
402 2337 525 2414 patriam
543 2335 645 2411 Vlixis,
667 2346 779 2416 patrem
1196 2354 1199 2360 ’

227 2420 344 2480 Vlixem
359 2419 473 2479 occidit.
515 2416 638 2498 (Mure.)

270 2501 465 2577 569.thue
483 2500 611 2576 loquax
626 2502 660 2559 in
679 2516 776 2575 equo.
861 2499 1000 2574 *Agenor
1019 2498 1113 2576 turpia
1133 2498 1248 2560 locutus
1268 2498 1321 2558 fuit
1341 2499 1373 2559 in

229 2582 367 2659 *Agenor
386 2582 461 2641 male
483 2582 607 2658 loquens
629 2581 666 2640 de
682 2581 778 2640 Diana
818 2579 956 2651 Dianam,
970 2582 1050 2639 unde
1070 2581 1143 2640 irata
1162 2581 1229 2640 fecit
1249 2587 1283 2639 ut
1300 2580 1372 2640 dum

229 2683 317 2741 equm
334 2663 473 2733 ascendit,
489 2671 517 2722 et
536 2662 671 2739 laqueum
688 2663 718 2721 in
732 2662 780 2721 uia
820 2680 910 2740 equm
921 2680 1034 2722 currere
1035 2664 1157 2738 faceret,
1168 2680 1247 2741 equo
1258 2659 1373 2721 labente

228 2765 287 2822 qua
297 2755 358 2805 erat
371 2746 460 2804 iturus
474 2744 589 2820 posuit:
610 2762 697 2821 quem
712 2744 781 2803 sub·
821 2754 850 2803 et
864 2743 969 2820 pollice
983 2744 1038 2802 sub
1052 2743 1121 2820 gula
1139 2745 1286 2820 opposito,
1301 2743 1373 2803 dum

228 2828 371 2887 transiens
391 2843 468 2903 equo
488 2826 624 2886 derelicto
645 2827 709 2903 ipse
729 2844 780 2903 pe·
820 2842 931 2901 pronus
946 2823 1061 2884 caderet
1073 2825 1217 2900 iugulatus
1231 2835 1284 2898 est,
1298 2834 1374 2886 teste

228 2909 359 2986 pendit*
405 2907 440 2967 G.
822 2903 934 2982 Gallo*
980 2904 1008 2966 C
1019 2905 1128 2967 etAsk.

232 3042 234 3046 ,
271 3004 339 3066 571.
360 2989 429 3048 Aut
448 2997 483 3048 ut
503 2987 749 3049 Anaxarchus..
784 2988 956 3048 Anaxarcus
976 2987 1015 3046 ab
1035 2987 1168 3049 hostibus
1190 2988 1250 3050 suis
1272 2989 1376 3066 depre-

228 3226 409 3302 μισοτονῆρως
430 3227 574 3298 ἐνεγκόντες
594 3227 630 3283 εἷς
654 3227 773 3297 ὁμώνυμα
794 3225 840 3296 ὄρη
864 3226 1010 3296 μετέβαλον
1033 3226 1205 3299 ἀμφοτέρους.
1247 3229 1289 3298 Cfi
1312 3231 1375 3288 Mei.

230 3303 273 3357 Vr.
294 3306 381 3367 87-89
399 3299 535 3369 (Leopard.
554 3300 660 3352 Emend.
673 3310 701 3367 p.
715 3316 766 3364 404
779 3301 848 3352 Tam.
865 3301 911 3350 III
923 3299 1063 3368 lampadis
1077 3299 1268 3369 Gruterianae.)
1304 3304 1375 3357 Mire

228 3383 320 3427 errant
332 3373 354 3425 C
363 3384 387 3426 et
399 3373 464 3425 Ask.
476 3371 506 3424 de
518 3370 662 3423 Laodamia
674 3370 828 3422 Haemonide
839 3371 1042 3439 interpretantes.

266 3446 327 3508 562.
345 3457 439 3495 sorore
453 3448 481 3493 et
493 3439 625 3493 bilidosG
693 3439 840 3494 machareo
852 3441 881 3494 G.

264 3517 297 3578 56
301 3531 325 3579 3.
344 3513 461 3566 astionas
475 3512 506 3564 G.
847 3548 849 3552 ⁷

267 3589 328 3648 565.
345 3583 468 3651 superius
479 3601 504 3634 u.
519 3596 569 3645 539
659 3578 800 3634 cinerasG
887 3580 1039 3636 etaciusG
1125 3581 1378 3640 deutcacausaG

230 3654 359 3725 parcatC
427 3653 519 3706 cinare
532 3650 601 3704 Gbis
672 3649 724 3703 hec
737 3650 873 3704 dedecore
887 3654 916 3707 Gr

268 3727 329 3790 5⁶7-
346 3720 541 3788 theleogonum
553 3722 631 3776 Mure
718 3726 826 3788 ytacam
839 3723 915 3777 Mure
1002 3722 1187 3791 penolopesG
1268 3726 1380 3794 ycariG

186 3810 190 3817 ·
231 3795 334 3849 leiusG
410 3790 619 3845 thelamaehOG
651 3791 777 3846 Eustath,
789 3795 856 3858 1796
869 3794 883 3844 d
896 3792 925 3846 δέ
936 3791 982 3861 τὴν
993 3794 1162 3863 Τηλεγόνειον
1172 3794 1279 3866 γράψας
1291 3803 1378 3866 Κυρη-

232 3868 301 3920 ναῖος
311 3865 339 3917 ἐκ
348 3863 394 3930 μὲν
403 3864 547 3932 Kalindoia
553 3860 698 3930 Τηλέγονον
706 3862 760 3915 uida
766 3859 893 3917 Ὀδυσσεῖ
905 3863 918 3931 ἢ
931 3863 1080 3933 Τηλέδομον
1149 3863 1259 3919 fatifero
1271 3865 1376 3937 aciroe]

231 3956 267 3991 an
287 3934 394 3988 fatifero
414 3933 540 3998 trigone?
576 3934 636 4000 Lyc.
656 3947 706 3997 795
728 3935 819 3986 Κτενεῖ
839 3934 867 3987 δὲ
888 3933 975 4003 τύψας
994 3935 1095 4003 πλευρὰ
1115 3935 1238 4005 λοίγιος
1259 3939 1377 4005 στόνυξ

232 4006 335 4075 Κέντρῳ
354 4003 486 4071 δυσολθὴς
504 4005 617 4057 ἔλλοπος
629 4002 795 4070 reptantis.
832 4006 856 4058 G
868 4005 942 4059 habet
953 4005 1040 4058 ulixes
1051 4005 1115 4073 quia
1127 4006 1265 4060 occiderat
1277 4022 1379 4075 procos

232 4077 325 4130 uxoris
337 4091 385 4128 sue
397 4081 427 4128 et
439 4090 534 4128 seruos
547 4079 575 4126 et
588 4073 695 4127 ancillas
707 4073 741 4126 ab
754 4075 847 4128 amicis
856 4091 952 4129 eorum
964 4077 1070 4129 occisus
1082 4082 1133 4144 est,
1143 4093 1199 4145 quo
1211 4082 1228 4133 a
1241 4079 1377 4149 (lautam)

232 4163 334 4216 genere
346 4147 394 4199 teli
407 4144 536 4200 nescitur.
571 4143 623 4196 fuit
635 4159 721 4210 gener
734 4144 823 4199 Icarii.

270 4221 330 4283 569.
354 4218 470 4270 Historia
488 4219 567 4285 inepte
583 4214 685 4283 conficta
702 4217 788 4269 sedin
805 4235 882 4284 quam
900 4218 1044 4285 conspirant
1062 4236 1119 4272 cum
1138 4219 1261 4272 ueteribus
1279 4221 1380 4274 scholiis

232 4299 287 4344 tum
300 4289 376 4341 Mure
387 4299 442 4342 tum
454 4289 496 4355 qui
507 4305 573 4340 saec.
582 4286 639 4339 XV
645 4304 745 4340 uersum
760 4289 920 4409 inteppretati
934 4299 994 4341 sant
1009 4290 1081 4341 donec
1093 4308 1181 4343 aerum
1193 4291 1276 4344 mouit
1287 4293 1380 4345 Politi-

232 4379 297 4414 anus
307 4361 382 4412 Misc.
395 4357 506 4412 LXXV.
598 4356 706 4410 locutus
718 4362 760 4409 est
772 4361 812 4410 As
830 4397 837 4411 .
921 4357 994 4411 unde
1006 4357 1064 4426 ipsa
1076 4360 1145 4412 irata
1156 4358 1223 4413 fecit
1234 4361 1310 4429 quod
1322 4363 1379 4432 ipse

232 4431 299 4485 dum
312 4431 377 4484 Ask.
449 4428 673 4497 equmcurretC
740 4445 773 4480 ex
785 4428 850 4482 Asa
863 4430 962 4484 correxi
1033 4429 1122 4498 posito
1135 4431 1201 4485 Ask.

271 4517 333 4568 571.
351 4500 554 4555 anaxaracusG
611 4513 761 4553 anaxarcus
772 4499 850 4555 Mure
908 4499 1008 4569 sinapis
1018 4515 1081 4555 cum
1093 4501 1149 4570 pilo
1162 4501 1239 4558 Mare
1293 4502 1379 4557 Laer-
