3038 5010
181 386 288 445 xxxviii
592 379 916 442 PROLEGOMENA.

184 543 353 620 significarit
370 541 457 620 (Plut.
474 541 511 600 de
531 541 570 598 Is.
592 550 620 597 et
640 538 715 598 Osis.
733 551 779 612 75,
799 536 891 596 Clem.
910 538 1015 596 Strom.
1033 557 1089 608 242
1104 535 1142 616 *),
1160 548 1188 596 et
1210 537 1239 595 in
1260 555 1331 596 con-

183 625 270 684 uiuiis
294 624 506 701 Aegyptiorum
531 639 599 680 cum
624 621 759 696 accipitre
784 636 838 694 pro
862 619 932 676 luna
951 627 983 676 ut
1003 621 1027 677 is
1048 638 1102 695 pro
1124 619 1186 678 sole
1211 619 1332 694 figurata

184 706 269 765 fuerit
283 716 311 765 et
325 706 363 764 ab
376 705 500 763 Aeliano
515 712 625 762 sacrata
638 702 724 760 lunae
738 700 874 762 dicatur†
890 698 943 778 (H.
958 700 994 757 A.
1009 700 1036 758 ii.
1053 697 1112 777 38).

226 787 360 846 Eandem
371 785 507 845 Mercurii
523 801 592 842 cum
603 783 749 859 Aegyptia
759 799 814 840 aue
825 781 1073 841 consociationem
1088 781 1214 839 declarat
1228 780 1332 851 fabula,

186 887 262 946 quae
283 867 361 943 apud
380 867 562 925 Antoninum
585 864 747 923 Liberalem
767 867 813 932 28,
836 862 975 921 Ouidium
995 861 1037 920 M.
1052 881 1076 920 v.
1094 882 1162 937 331,
1180 862 1333 938 Hyginum

186 950 217 1008 P.
238 949 275 1008 A.
300 950 328 1007 ii.
343 952 391 1006 ,28
415 956 499 1006 extat.
543 945 603 1019 Qui
626 946 667 1005 sic
689 956 791 1003 narrat.
832 946 971 1020 Aegyptii
988 945 1134 1002 sacerdotes
1155 951 1182 1002 ei
1207 944 1337 1001 nonnulli

180 1038 275 1106 poetae
303 1031 405 1099 de'cunl,
433 1048 494 1086 cum
527 1029 668 1101 conplures
695 1027 740 1083 dii
769 1028 799 1083 in
826 1026 983 1102 Aegyptum
1011 1028 1203 1094 conuenissent,
1232 1032 1334 1099 repente

180 1113 339 1188 peruenisse
348 1112 435 1168 eodem
447 1109 586 1186 Typhona,
597 1110 762 1166 acerrimum
768 1109 890 1184 giganta
900 1113 926 1163 ei
938 1109 1094 1165 niaximum
1105 1108 1215 1165 deorum
1225 1107 1333 1164 hostem.

185 1212 239 1269 quo
253 1195 349 1250 timore
362 1192 549 1267 permutatim
568 1191 642 1247 aleas
655 1190 772 1266 figuras
785 1208 812 1246 se
825 1191 986 1247 conuertisse
994 1210 1008 1256 ,·
1032 1185 1209 1245 Mercurium
1218 1189 1334 1267 sactum

186 1293 242 1332 esse
263 1274 329 1343 aden,
349 1273 503 1348 Apollinem
523 1279 611 1330 autem
633 1290 702 1346 quae
721 1269 851 1328 lleretm'a
872 1272 936 1327 auti·
952 1277 1078 1339 uocatur,¹
1092 1269 1219 1327 Dianam
1239 1270 1335 1327 aeluro

187 1356 349 1413 samerlaiam.
367 1354 467 1429 quibus
488 1355 519 1410 de
538 1355 630 1411 causei·
644 1351 795 1428 Aegyptios
814 1371 844 1409 ea
860 1369 966 1426 genera
988 1351 1095 1408 uiolari
1111 1371 1165 1408 non
1184 1351 1273 1408 sinere
1292 1351 1334 1406 de·

188 1442 349 1508 monstrant,
364 1436 437 1510 quod
446 1435 556 1492 deorum
570 1435 703 1510 imagines
715 1435 852 1491 de'caniur.

232 1516 444 1575 Callimachum
459 1517 546 1592 igitur
560 1517 649 1574 credo
668 1534 721 1591 per
742 1516 802 1573 ibin
822 1513 1005 1590 potissimum
1021 1513 1197 1587 significasse
1212 1512 1335 1589 Apollo-

190 1599 377 1675 nium,qu0d,
386 1607 418 1656 ut
426 1596 609 1673 Apollonius,
621 1597 697 1654 circa
706 1596 864 1655 Naucratin
875 1605 1042 1665 uersaretur,
1054 1605 1083 1653 et
1091 1594 1210 1653 haberet
1220 1612 1295 1670 quae
1305 1595 1334 1651 in

190 1679 341 1756 Apollonii
356 1679 486 1754 gestibus
499 1678 656 1754 habituque
670 1678 879 1747 morderentur,
890 1686 919 1735 et
929 1677 1056 1735 eundem
1070 1686 1218 1752 tamquam
1232 1676 1335 1734 falsum

191 1760 340 1837 quendam
358 1759 493 1818 Hermen
513 1760 574 1818 siue
592 1758 721 1817 Hermae
740 1758 881 1816 famulum
902 1767 1135 1834 repraesentaret.
1175 1756 1253 1814 Nam
1275 1757 1336 1814 siue

191 1842 285 1900 scriba
302 1842 365 1917 ipse
383 1840 431 1900 uel
450 1850 532 1916 pater
547 1840 646 1911 luerat,
661 1839 788 1898 Hermes
806 1838 852 1897 ille
875 1841 1088 1912 ἱερογραμματεὺς
1106 1839 1228 1897 deorum
1247 1837 1336 1896 habe-

192 1924 289 1994 batur;
306 1923 374 1995 jsiue
396 1922 427 1979 in
448 1922 624 1980 carminibus
644 1938 755 1980 nouum
774 1920 882 1996 aliquid
895 1930 925 1979 et
937 1922 1110 1978 intentatum
1127 1919 1283 1990 affectarat,
1299 1919 1336 1976 ad

191 2003 325 2061 Hermen
340 2003 485 2061 redierunt
500 2003 634 2076 γράμματα
648 1999 783 2077 (Phaedr.
800 2001 871 2080 274)
885 2012 914 2059 et
928 2001 1068 2079 quidquid
1087 2001 1125 2059 ad
1139 2001 1272 2060 homines
1287 2019 1336 2058 err-

192 2083 334 2143 colendos
347 2100 401 2159 per
414 2082 522 2142 litteras
537 2083 577 2141 fit.
619 2082 704 2142 Certe
725 2101 786 2140 non
801 2083 905 2141 desunt
923 2084 954 2141 in
969 2084 1182 2158 Argonauticis,
1199 2092 1231 2139 ut
1250 2080 1337 2140 hodie

192 2165 337 2240 leguntur,
363 2163 512 2240 Apollonii
538 2182 612 2241 quae
635 2165 780 2240 peculiare
805 2164 955 2222 artificium
981 2165 1111 2240 sapiant3
1133 2165 1287 2240 praecipue
1307 2163 1337 2218 in

193 2247 297 2305 ordine
308 2264 369 2322 quo
383 2245 492 2303 litterae
508 2255 709 2318 conectuntur,
720 2245 864 2304 uocabula
879 2263 909 2304 se
924 2247 1081 2322 excipiunt,
1092 2245 1170 2303 unde
1179 2244 1338 2303 distinctior

194 2345 332 2386 uersuum
351 2325 501 2403 rhythmus
516 2327 547 2384 fit
561 2337 590 2384 et
604 2328 687 2402 quasi
706 2345 759 2403 per
778 2327 913 2385 articulos
932 2328 1101 2402 expressior.
1144 2327 1179 2384 Id
1193 2325 1337 2401 singulare

195 2426 302 2466 munus
317 2408 447 2466 Hermae
466 2408 527 2466 siue
543 2407 662 2466 Theuth
671 2408 822 2484 -Aegyptio
837 2407 920 2466 Plato
942 2409 1039 2466 tribuit
1058 2409 1088 2465 in
1107 2406 1228 2466 Philebo
1247 2410 1291 2477 18,
1306 2417 1338 2465 ut

194 2490 351 2548 litterarum
365 2489 418 2547 tria
432 2507 547 2565 genera,
561 2490 677 2548 uocales
691 2487 857 2567 (φωνήεντα),
871 2499 965 2548 mutas
976 2487 1097 2567 (ἄφωνα),
1113 2489 1223 2547 medias
1237 2489 1338 2566 (φωνῆς

194 2573 242 2640 μὲν
259 2576 297 2641 οὔ,
317 2573 436 2644 φθόγγου
457 2573 485 2626 δὲ
505 2572 643 2643 μετέχοντά
660 2572 739 2643 τινος)
760 2569 950 2641 discemeret3
972 2589 1068 2646 neque
1083 2589 1185 2630 auero
1204 2569 1338 2629 abhorret

195 2651 253 2710 hoc
274 2652 305 2708 in
319 2650 468 2727 Apollonii
489 2652 664 2710 carminibus
686 2650 865 2710 Callimacho
887 2651 1075 2728 displicuisse,
1090 2653 1170 2729 quod
1189 2651 1339 2710 uocalibus

195 2732 287 2790 modo
302 2733 376 2790 inter
391 2751 422 2791 se
437 2732 588 2809 copulatis,
599 2733 691 2791 modo
705 2732 884 2792 artificiosius
895 2733 1049 2810 dispositis,
1061 2733 1289 2793 consonantibus
1299 2732 1339 2789 ita

195 2813 354 2872 distributis
368 2823 400 2870 ut
414 2813 486 2872 nihil
499 2815 529 2872 in
550 2832 637 2873 uersu
656 2814 711 2872 nisi
733 2833 769 2872 ex
784 2815 933 2890 proposito
948 2815 1077 2890 asperius
1092 2825 1214 2883 sonaret,
1229 2830 1339 2872 nouam

196 2895 343 2971 quandam
367 2904 457 2952 artem
479 2895 617 2954 inducere
637 2895 808 2957 uideretur.†
851 2895 941 2966 Quod
962 2897 1050 2972 siquis
1071 2896 1178 2954 obiciat
1196 2895 1252 2954 hoc
1270 2911 1339 2971 prae

194 2976 332 3034 omnibus
356 2976 583 3034 Callimacheum
605 2995 677 3047 esse,
702 2995 764 3035 non
787 2977 853 3036 ideo
876 2977 952 3035 cadit
974 2977 1148 3047 coniectura,
1170 2995 1241 3034 nam
1261 2975 1339 3033 idem

193 3056 224 3114 in
234 3058 379 3133 perpolito
391 3059 519 3116 carmine
533 3059 708 3134 exquisitum
722 3067 843 3135 poterat,
854 3058 884 3116 in
898 3058 1089 3117 adulescentis
1102 3059 1240 3117 incohato
1251 3073 1339 3133 opere

194 3138 328 3215 putidum
342 3139 441 3197 uideri.

234 3219 336 3278 Unum
360 3221 648 3296 praetermittendum
676 3239 737 3280 non
766 3231 843 3280 erat:
875 3220 1085 3279 Callimachum
1114 3222 1144 3279 in
1171 3220 1340 3280 insectanda

223 3382 238 3415 *
253 3381 313 3426 Plut.
327 3381 356 3427 de
372 3381 401 3427 ls.
415 3390 438 3428 et
453 3381 514 3430 Osir.
529 3389 558 3442 75
571 3383 605 3444 Τῇ
624 3379 649 3428 δὲ
666 3379 715 3429 τῶν
727 3380 804 3428 ποδῶν
816 3378 926 3434 διαβάσει
943 3379 999 3444 πρὸς
1014 3379 1137 3443 ἀλλήλους
1153 3379 1193 3428 nal
1206 3379 1235 3429 τὸ
1248 3380 1339 3444 ῥύγχος

189 3441 333 3505 ἰσόπλευρον
342 3445 407 3492 ποιεῖ
411 3445 536 3506 τρίγωνον·
555 3444 590 3494 ἔτι
601 3444 626 3492 δὲ
634 3447 649 3506 ἡ
657 3444 707 3493 τῶν
714 3444 825 3506 μελάνων
833 3446 924 3507 πτερῶν
933 3446 984 3508 περὶ
993 3446 1024 3496 τὰ
1033 3445 1108 3495 λευκὰ
1116 3445 1222 3494 ποικιλία
1230 3446 1272 3495 καὶ
1280 3447 1340 3508 μίξις

189 3508 300 3572 ἐμφαίνει
312 3509 358 3570 τὴν
369 3509 475 3571 σελήνην
487 3508 643 3574 ἀμφίκυρτον,
669 3512 727 3559 Vide
739 3513 876 3572 Partheyurn
889 3515 912 3560 in
924 3514 967 3561 loc.
992 3515 1064 3560 clem.
1076 3515 1160 3561 Strom.
1173 3527 1219 3576 242
1233 3515 1254 3561 S.
1272 3512 1301 3559 Ἢ
1313 3511 1339 3558 δὲ

189 3572 238 3688 ἴηλα
244 3573 397 3700 (ηὑμβολον)
406 3572 518 3636 σελήνης,
528 3573 560 3622 τὰ
571 3574 616 3635 μὲν
625 3573 710 3638 σκιερὰ
720 3576 755 3637 τῷ
766 3575 859 3636 μέλανι,
868 3575 900 3624 τὰ
910 3576 1050 3640 δὲφωτεινὰ
1058 3578 1092 3639 τῷ
1101 3578 1181 3638 λενιιῷ
1190 3577 1239 3625 τῶν
1247 3575 1339 3624 πτίλων

189 3656 242 3687 ena
271 3656 341 3689 ντων.

224 3707 243 3763 †
260 3706 348 3754 Aelian.
360 3705 392 3753 H.
404 3706 433 3752 A.
444 3704 468 3752 ii.
483 3705 514 3765 38
525 3701 587 3767 Ἱερὰ
598 3705 642 3765 τῆς
654 3702 784 3768 σελήνηςή
797 3704 927 3768 ὄρνιςὲστί,
952 3706 1077 3757 τοσούτων
1087 3707 1148 3770 γοῦν
1159 3708 1254 3770 ἡμερῶν
1263 3706 1295 3756 τὰ
1306 3706 1341 3770 ᾠὰ

192 3768 317 3831 ἑνιγλύφει,
330 3768 419 3829 araur)
437 3767 489 3816 θεὸς
505 3767 569 3831 αὔξει
581 3787 609 3817 τε
626 3769 665 3818 nal
682 3770 762 3833 λήγει.
787 3773 830 3832 τῆς
842 3773 868 3820 δὲ
880 3772 1002 3836 Αἰγύπτου
1019 3773 1106 3822 οὔποτε
1122 3773 1245 3835 ἀποδημεῖ.
1268 3774 1297 3821 τὸ
1313 3772 1339 3821 δὲ

190 3832 276 3894 αἴτιον,
295 3833 428 3895 νοτιωτάτη
448 3835 532 3896 χωρῶν
551 3835 650 3884 ἁπασῶν
667 3835 787 3898 Αἴγυπτόν
808 3837 868 3893 ἐστι,
887 3839 928 3886 nal
946 3840 962 3900 ἠ
982 3838 1073 3902 σελήνη
1094 3837 1119 3886 δὲ
1139 3837 1270 3902 νοτιατάτη
1289 3838 1340 3886 τῶν

192 3897 354 3958 πλανωμένων
364 3897 460 3963 ἄστρων
468 3899 628 3949 πεπίστευται.
647 3909 653 3929 ·
663 3903 749 3950 Tehuti
761 3913 885 3964 represents
893 3906 932 3953 the
942 3906 1025 3961 Μοοιι,
1033 3906 1108 3952 which
1120 3904 1149 3951 he
1156 3921 1226 3952 wears
1233 3921 1295 3966 upon
1304 3905 1340 3952 his

193 3964 260 4023 head,
273 3966 346 4012 either
358 3981 382 4013 as
393 3976 494 4014 crescent
505 3982 532 4013 or
544 3983 569 4015 as
581 3969 620 4014 lull
632 3967 698 4028 dlsk;
716 3971 760 4015 and
773 3985 797 4015 as
810 3985 851 4016 out
863 3971 926 4017 word
938 3986 1005 4017 moon
1023 3972 1041 4018 is
1058 3970 1150 4018 derived
1166 3972 1225 4017 from
1237 3972 1276 4017 the
1288 3980 1340 4017 root

193 4029 242 4085 md,
254 4036 295 4076 ‘to
306 4031 424 4086 measure‚'
437 4064 443 4078 .
456 4066 462 4078 .
475 4067 481 4082 .
496 4066 502 4079 .
513 4048 549 4079 we
566 4033 623 4080 shall
639 4043 680 4080 not
697 4036 725 4080 be
742 4036 855 4095 surprised
871 4036 890 4081 if
905 4051 941 4082 we
956 4035 1002 4082 find
1019 4052 1032 4082 a
1044 4052 1099 4099 very
1111 4036 1196 4082 similar
1206 4046 1304 4083 account
1315 4035 1344 4082 of

193 4095 235 4141 the
246 4096 383 4159 etymology
394 4097 438 4143 and
456 4099 575 4145 attributes
593 4099 621 4144 of
633 4097 729 4147 Tehuti.
763 4100 873 4147 Theseis
891 4117 922 4148 no
939 4101 994 4148 such
1010 4102 1098 4149 known
1108 4101 1223 4164 Egyptian
1235 4104 1298 4149 word
1316 4115 1340 4147 as

194 4159 255 4220 telin,
275 4162 316 4207 but
333 4160 397 4209 there
413 4163 432 4208 is
448 4172 511 4222 ιαχιι,
529 4163 604 4210 which
620 4165 639 4210 is
656 4180 668 4210 a
687 4166 790 4211 dialectic
807 4167 903 4227 variety,
920 4167 966 4212 and
983 4169 1001 4212 is
1018 4168 1116 4229 actually
1127 4168 1183 4213 used
1200 4182 1253 4214 asa
1270 4182 1340 4213 name

194 4225 224 4272 of
237 4225 278 4272 the
294 4226 348 4288 god.
385 4226 442 4274 This
459 4229 519 4274 form
536 4229 633 4289 supplies
649 4245 675 4276 us
690 4230 746 4277 with
760 4231 800 4277 the
810 4247 891 4278 reason
903 4232 958 4293 why
969 4231 1008 4279 the
1025 4233 1071 4294 god
1088 4234 1106 4279 is
1121 4233 1264 4292 represented
1276 4246 1341 4279 asan

195 4291 245 4339 ibis.
279 4293 311 4338 As
323 4291 365 4338 Seb
376 4292 395 4338 is
406 4293 446 4340 the
457 4308 525 4340 name
537 4294 595 4340 both
606 4295 631 4340 oi
642 4311 655 4341 a
667 4310 737 4357 goose
752 4297 796 4342 and
810 4297 838 4342 of
848 4297 888 4343 the
902 4296 1033 4360 earth-god,
1045 4313 1071 4344 so
1087 4299 1105 4344 is
1121 4296 1203 4345 Techu
1217 4298 1257 4344 the
1272 4311 1341 4345 name

194 4357 223 4402 of
231 4370 260 4402 an
272 4355 314 4403 ibis
325 4358 370 4403 and
382 4358 410 4403 ot'
417 4358 457 4415 the
469 4360 604 4422 moon-god.
637 4359 724 4407 Tehuti
736 4361 845 4423 probably
857 4361 962 4424 signifies,
975 4377 998 4408 as
1010 4363 1046 4412 M.
1058 4364 1148 4411 Naville
1158 4363 1199 4409 has
1210 4363 1340 4427 suggested,

194 4419 235 4468 the
246 4426 261 4448 ⁸¹
269 4421 435 4473 ibis-headed.”
446 4420 452 4441 ’
486 4425 587 4480 Remus,
598 4425 706 4490 Religion
718 4427 745 4474 of
753 4429 851 4474 Ancient
862 4428 946 4490 Egypt,
956 4442 979 4487 p.
991 4426 1047 4485 116,
