3038 5010
621 382 867 444 PRAEFATIO.
1296 388 1334 447 vii

185 559 260 616 quae
274 560 311 600 ex
325 542 426 601 codice
440 540 568 600 miscello
582 540 774 600 bibliothecae
787 541 1003 602 vallicellianae
1022 544 1102 620 apud
1122 543 1151 604 S.
1165 543 1333 622 Philippum

185 634 308 706 Romae,
330 652 421 693 manu
444 634 561 711 propria
584 634 704 692 Achillis
726 635 807 694 Statii
831 636 984 712 exscripta,
1004 637 1137 714 Angelus
1157 636 1262 711 Maius,
1284 640 1334 716 qui

184 729 317 805 repperit,
339 729 427 789 edidit
449 747 528 787 anno
553 732 629 802 1823
640 748 648 800 3
677 746 747 786 mox
770 732 890 788 a.1826
912 730 1024 806 repetiit
1044 730 1205 792 Eridericus
1227 732 1332 792 Osann

184 822 287 881 additis
301 823 419 898 Apuleii
433 821 562 881 Minoris
578 824 608 880 dc
622 822 700 882 Nata
713 822 909 898 Aspirationzs
924 831 950 882 ct
964 826 996 882 de
1008 825 1186 904 diphthongis
1199 826 1274 885 libri
1285 826 1333 885 II.

184 915 430 991 Orthographiam
461 900 545 975 istam
576 934 601 973 a.
632 919 709 990 1829
737 917 847 991 primus
875 917 1042 994 Maduigius
1070 917 1181 995 Opusc.
1209 920 1227 978 i.
1256 938 1333 995 ι-29

184 1010 341 1085 perspicuis
357 1009 464 1069 fraudis
478 1010 555 1069 notis
568 1010 693 1068 inustam
713 1028 776 1069 esse
798 1011 900 1069 euicit:
924 1029 1013 1087 quem
1034 1021 1151 1072 secutus
1172 1011 1333 1072 Merkelius

183 1107 292 1166 Prolus.
309 1108 347 1167 ad
361 1107 427 1166 Ibin
441 1126 491 1184 pp.
506 1110 639 1182 383-388
655 1125 672 1165 a
687 1107 841 1167 Ludouico
861 1104 961 1168 Caelio
980 1109 1153 1186 Rhodigino
1175 1111 1332 1170 confictam

183 1211 251 1277 post
271 1219 381 1260 annum
406 1205 482 1276 1508
504 1219 541 1259 ex
563 1200 726 1259 Constantii
746 1199 888 1260 Fanensis
903 1200 1065 1279 Hecatospe
1079 1214 1108 1262 et
1122 1203 1335 1263 Sarritzonihus

184 1296 381 1354 demonstrare
396 1305 519 1354 conatus
532 1301 583 1353 est.
635 1293 704 1366 Qua
719 1295 755 1354 de
770 1313 809 1366 re,
825 1314 1006 1373 quamquam
1022 1296 1176 1373 Maduigio
1191 1298 1334 1357 assentior

183 1390 287 1448 ficticia
301 1408 336 1448 ea
351 1389 514 1465 fragmenta
533 1388 633 1458 uideri,
655 1389 810 1464 praecipue
832 1399 950 1465 propter
970 1391 1144 1467 scriptomm
1165 1392 1332 1467 ignotomm

182 1482 394 1541 multitudinem
417 1482 467 1558 qui
491 1481 577 1539 iniis
601 1481 763 1552 laudantur,
786 1483 879 1558 (quod
902 1482 1010 1541 fraudis
1030 1483 1168 1542 indicium
1190 1485 1277 1543 etiarn
1302 1484 1333 1541 in

183 1575 299 1635 scholiis
312 1573 491 1652 notabimus)
505 1574 638 1634 nondum
653 1585 752 1633 tamen
766 1575 837 1632 mihi
851 1577 994 1651 persuasit
1008 1575 1166 1636 Merkelius
1187 1577 1275 1636 ducta
1296 1596 1332 1636 ea

183 1669 269 1728 fuisse
284 1689 320 1729 ex
336 1668 517 1729 Constantio.
560 1669 635 1727 Illud
650 1668 788 1745 suspicor,
804 1668 872 1727 ficta
889 1669 977 1728 tuisse
995 1687 1055 1745 quo
1074 1678 1207 1746 tempore
1225 1669 1286 1729 Ibis
1300 1671 1331 1728 in

182 1763 317 1822 manibus
338 1763 433 1822 adhuc
454 1771 530 1822 esset
551 1762 737 1833 eruditorum,
753 1763 805 1822 sed
825 1772 982 1839 postquam
1000 1761 1105 1821 Graeci
1125 1772 1231 1839 poetae
1253 1773 1282 1822 et
1301 1765 1331 1821 in

182 1874 234 1916 eos
247 1867 379 1916 ueterum
393 1856 502 1916 scholia
516 1856 710 1915 innotuissent
724 1874 758 1915 ac
773 1856 975 1916 lectitarentur.
1019 1855 1104 1928 Quae
1126 1857 1150 1915 si
1172 1857 1230 1915 iarn
1251 1875 1332 1916 anno

187 1962 261 2025 1507
284 1968 444 2027 paucorum
468 1950 603 2009 manibus
626 1949 679 2007 teri
703 1959 809 2025 coepta
830 1959 883 2020 est,
903 1950 945 2008 uti
967 1950 1121 2009 confirmat
1142 1950 1332 2010 Constantius

184 2044 287 2104 Hecat.
302 2045 337 2115 iv,
353 2044 515 2121 fragmenta
529 2045 584 2103 ista
598 2052 665 2102 ante
680 2043 768 2102 finem
790 2061 865 2102 saec.
880 2062 918 2101 xv
932 2044 1061 2102 conflata
1080 2043 1261 2117 crediderim.
1303 2044 1333 2102 A

183 2156 370 2215 quocumque
398 2147 461 2198 orta
490 2146 564 2209 sunt,
590 2137 729 2195 lectorem
754 2137 882 2214 produnt
904 2137 1003 2196 Ibidis.
1047 2137 1125 2196 Nam
1149 2156 1211 2197 non
1235 2138 1332 2198 solum

183 2234 267 2292 huius
281 2233 343 2293 'tres
359 2232 416 2292 loci
434 2233 624 2309 explicantur,
639 2231 653 2306 §
669 2250 686 2303 4
702 2231 738 2290 de
757 2231 834 2290 Delo
851 2249 939 2307 quam
953 2230 1101 2307 Apollinea
1117 2232 1200 2290 humo
1212 2230 1333 2308 intelligi

182 2337 261 2387 ratus
285 2336 330 2386 est
353 2344 381 2385 u.
406 2346 477 2402 330,
500 2326 572 2401 §16
595 2326 631 2384 de
655 2325 755 2401 Pyrrhi
777 2324 916 2400 Epirotae
942 2326 1049 2401 sparsis
1072 2326 1187 2384 ossibus
1209 2343 1237 2384 u.
1263 2343 1331 2399 304,

182 2421 250 2496 §44
269 2420 306 2479 de
321 2419 405 2479 Chao
423 2420 473 2478 ubi
491 2437 520 2477 u.
537 2424 575 2490 84
591 2418 667 2490 citat,
682 2419 734 2477 sed
752 2417 790 2477 ad
810 2418 876 2476 Ibin
897 2418 1054 2478 manifesto
1073 2418 1276 2494 reuocantur§
1293 2437 1327 2477 21

182 2515 219 2573 de
240 2514 356 2573 Antaeo
377 2512 462 2572 fratre
483 2511 623 2572 Busiridis
643 2531 671 2570 ιι.
690 2525 757 2586 395,
779 2512 847 2587 §39
863 2511 900 2572 de
917 2510 1082 2571 Laodamia
1101 2511 1159 2570 filia
1179 2511 1280 2589 Pyrrhi
1300 2512 1332 2569 in

181 2609 292 2684 templo
316 2606 468 2666 crudeliter
489 2605 631 2665 trucidata
653 2607 690 2664 ab
707 2605 837 2682 Epirotis
851 2624 879 2664 u.
897 2619 965 2680 305,
984 2605 1107 2664 fortasse
1126 2606 1214 2664 etiam
1229 2606 1244 2682 ξ
1262 2625 1277 2663 2
1294 2605 1332 2665 de

181 2700 323 2771 Busiride,
338 2700 381 2775 §3
398 2701 435 2759 de
449 2698 557 2758 Clotho
573 2699 697 2758 Lachesi
712 2700 837 2776 Atrop0‚
852 2699 867 2774 §
880 2701 897 2756 6
913 2699 950 2759 de
964 2698 1049 2770 Allia,
1064 2699 1078 2774 §
1094 2717 1127 2757 11
1142 2698 1330 2770 Eumenides,

182 2794 250 2870 §43
274 2794 312 2853 de
337 2792 423 2852 Batto
446 2803 534 2870 poeta
558 2793 607 2870 qui
631 2794 663 2851 in
687 2793 777 2851 Ibidis
802 2793 919 2852 scholiis
945 2810 1157 2869 saepenumero
1181 2803 1332 2870 tamquam

181 2906 319 2947 uersuum
342 2889 465 2963 scriptor
489 2886 621 2946 laudatus
646 2896 707 2945 est:
739 2886 774 2946 cf.
800 2887 843 2945 lb.
872 2907 941 2962 399,
968 2906 1036 2961 243,
1064 2905 1131 2961 219,
1159 2901 1225 2960 2²5·
1270 2886 1331 2946 Sed

182 2982 340 3042 dicendum
357 2993 401 3041 est
416 2981 542 3040 breuiter
558 2981 594 3040 de
614 2981 706 3040 tribus
726 2981 781 3040 illis
798 2980 870 3039 locis
884 2981 935 3056 qui
949 2999 966 3039 a
985 2978 1114 3039 Caecilio
1130 2979 1187 3039 isto
1203 2980 1331 3056 Apuleio

182 3077 317 3153 explicati
344 3084 419 3134 sunt.
461 3074 475 3149 §
497 3092 515 3146 4
537 3073 634 3132 Rhoeo
657 3077 768 3150 aspirat
791 3092 839 3143 .r.,
860 3074 931 3148 filia
956 3071 1089 3149 Staphyli
1109 3079 1136 3131 et
1161 3073 1331 3148 Chrysez'ch's,

181 3169 323 3229 sororibus
343 3166 493 3244 Molpadia
515 3169 613 3240 maiar,
633 3169 793 3226 Parthenia
813 3168 904 3225 minor
911 3187 927 3234 ,·
954 3185 1024 3242 quae
1045 3165 1081 3224 ab
1105 3165 1236 3241 Apolline
1260 3185 1331 3225 com-

178 3274 275 3339 pressa
283 3262 551 3340 grauidoqucfacta
564 3282 583 3319 a
592 3269 675 3338 patre
688 3264 718 3320 in
733 3281 800 3320 arca
815 3261 925 3318 inclusa
939 3266 986 3331 est,
1001 3261 1068 3317 etin
1083 3278 1160 3316 mare
1174 3259 1283 3330 delicta,
1299 3261 1331 3319 in

181 3357 284 3416 Delum
304 3357 419 3432 appulit,
434 3356 583 3432 filiumque
598 3359 700 3431 genuit
718 3355 825 3413 aornim
845 3353 962 3427 Anium,
987 3354 1038 3429 qui
1059 3354 1130 3411 clam
1152 3352 1188 3411 ab
1202 3353 1333 3428 Apolline

181 3451 267 3509 alitus
283 3456 310 3507 et
325 3451 470 3508 diurnitate
486 3449 602 3506 donatus
618 3456 664 3521 est,
678 3449 835 3525 Polycarpi
847 3445 958 3506 Alcimi
973 3445 1157 3521 Maximiquc
1172 3447 1331 3507 testimonio.

184 3544 216 3604 C.
231 3545 374 3602 Proculus
387 3545 417 3601 in
430 3562 484 3601 sua
497 3541 575 3618 Lyda
588 3550 614 3602 et
626 3542 733 3603 Sextus
750 3542 897 3602 Gracchus
911 3542 942 3599 in
958 3541 1030 3600 libro
1043 3559 1169 3600 amorum
1182 3541 1331 3599 historiam

180 3638 377 3715 elegantissime
394 3643 573 3696 exornarunt
590 3681 597 3694 .
614 3681 620 3696 .
635 3681 642 3694 .
661 3636 782 3696 (hridius
798 3642 855 3695 aut.
870 3655 897 3694 u.
912 3655 978 3711 aq.
993 3636 1012 3693 l.
1027 3654 1053 3693 a.
1069 3653 1091 3692 a
1107 3654 1134 3692 n.
1149 3654 1176 3694 a.
1190 3636 1217 3693 d.
1231 3634 1260 3693 h.
1276 3678 1284 3693 .
1298 3679 1306 3694 .
1321 3679 1329 3696 .

180 3733 285 3790 Delum
306 3733 378 3789 enim
402 3772 411 3791 .
437 3773 445 3791 .
468 3774 475 3789 .
498 3729 603 3789 Sedet
623 3727 671 3788 M.
694 3729 840 3788 Fontanus
863 3730 894 3787 in
916 3729 1100 3805 nympharum
1123 3735 1151 3786 et
1171 3735 1330 3804 satyrorum

181 3821 370 3892 marchuart
385 3819 417 3880 C.
432 3818 570 3877 Melissus
585 3821 616 3877 in
631 3863 638 3878 .
655 3865 661 3878 .
676 3865 683 3878 .

221 3914 308 3991 Legit
328 3915 413 3991 igitur
433 3912 553 3972 Nudus
570 3913 755 3990 Apollinea
776 3911 975 3971 destituaris
996 3910 1110 3982 humo,
1131 3909 1168 3968 de
1187 3910 1264 3970 Delo
1284 3911 1329 3968 in·

180 4018 349 4086 terpretanS‚
361 4007 410 4066 ubi
423 4007 542 4078 Anium,
557 4025 646 4084 quem
661 4007 707 4067 hic
721 4007 861 4065 Lenaeum
876 4005 951 4072 facit,
967 4005 1075 4064 Rhoeo
1089 4005 1209 4064 sustulit.
1251 4003 1331 4064 Ean·

181 4104 249 4162 dem
276 4102 541 4178 interpretationem
568 4101 669 4160 Const.
697 4100 838 4159 Fanensis
865 4108 1017 4176 tamquam
1045 4116 1081 4159 ex
1109 4097 1209 4157 Codro
1230 4096 1329 4157 Vrceo

181 4195 368 4255 Herberiensi
393 4195 509 4271 protulit
534 4194 685 4254 Hecatost.
706 4195 742 4253 vi.
793 4193 899 4270 Neque
919 4210 956 4252 ea
978 4202 1078 4251 tamen
1098 4210 1167 4250 uera
1188 4200 1239 4264 est,
1262 4205 1331 4250 cum

180 4289 328 4367 Apollinea
345 4290 375 4347 in
389 4289 505 4348 codices
520 4306 581 4347 non
596 4299 663 4347 ante
677 4288 777 4347 exiens
792 4306 866 4348 saec.
883 4298 920 4345 xv
933 4286 1095 4363 peruenerit
1111 4287 1181 4362 (ego
1196 4285 1226 4342 in
1241 4283 1329 4343 Muti-

181 4384 279 4442 nensis
293 4383 424 4458 margine
438 4381 604 4458 Appollr'nca
622 4383 761 4458 scripturn
776 4401 812 4442 ea
826 4382 886 4441 fere
902 4390 996 4440 aetate
1010 4379 1131 4458 inueni),
1142 4378 1332 4438 Amastriacis
