3038 5010
665 389 709 448 IN
738 385 835 450 IBIN.
1265 393 1301 448 91

154 557 258 608 curans
284 547 321 607 de
344 548 412 619 uita,
434 556 463 606 et
483 556 614 607 mortuus
640 545 709 606 est*
750 548 852 607 acriter
886 536 1126 624 reprehendebat,
1157 545 1206 622 qui
1239 558 1309 605 eum

157 631 193 690 G.
750 631 780 687 in
794 631 858 706 ipsa
879 630 1045 689 recitatione
1067 646 1135 688 cum
1154 628 1257 704 sagitta
1274 628 1305 686 in

167 745 168 751 υ
197 710 416 775 *Aristochius†
425 719 514 786 poeta
524 728 642 768 carmen
653 719 709 769 tra·
742 729 840 769 manu
855 711 954 770 dextra
973 711 1149 769 uulnerauit:
1171 709 1248 768 unde
1263 710 1304 767 sic

154 794 252 868 gicum
266 811 318 868 per
339 793 441 851 siluam
461 793 603 850 transiens
618 793 710 850 medi-
750 793 906 851 emittenda
931 793 1103 868 sanguinem
1123 791 1215 868 periit,
1230 800 1304 850 teste

156 876 275 943 sabatur,
304 875 351 932 cui
378 891 497 948 serpens
528 892 565 931 ex
595 875 708 945 arbore,
750 871 862 933 Gallo*
906 872 1051 932 CetAsk.

155 956 237 1014 cuius
265 954 333 1013 folia
353 963 544 1030 percusserat,
573 954 710 1014 decidens

156 1054 277 1094 manum
299 1035 464 1101 momordit,
497 1054 586 1112 quare
618 1046 709 1095 extre·

156 1136 236 1175 mum
252 1117 329 1176 diem
343 1114 439 1177 obiit*
462 1115 528 1176 cod.
544 1116 708 1194 Saluagm'r'.

198 1213 266 1274 527.
288 1198 402 1274 thue
424 1197 709 1274 Agamemnonio.
792 1197 913 1258 Orestes
953 1197 1028 1258 filius
1061 1196 1303 1273 Agamemnonis,

156 1279 277 1340 Orestes
304 1281 341 1339 de
364 1289 459 1338 morte
484 1279 555 1338 Pirri
583 1279 708 1352 rediens,
751 1298 819 1338 cum
840 1289 1027 1339 reuerteretur
1044 1281 1081 1337 ab
1102 1277 1304 1339 interfectione

157 1361 269 1421 calcato
283 1370 418 1439 serpente
433 1361 555 1421 interiit:
591 1360 627 1422 G.
752 1362 958 1498 Pirri,kcalcato
973 1370 1108 1438 serpente
1123 1360 1237 1418 interiit.
1276 1357 1303 1418 C

750 1450 778 1502 et
789 1440 859 1501 As.

199 1537 266 1599 529.
290 1523 340 1583 Sit
360 1523 423 1584 tibi
445 1525 607 1600 coniugii.
649 1522 708 1582 Eu·
791 1523 913 1601 Eupolis
928 1534 957 1584 et
970 1542 1043 1582 uxor
1057 1542 1110 1583 sua
1121 1520 1258 1585 tMedela
1272 1521 1304 1578 in

157 1607 235 1681 polis
246 1615 274 1664 et
288 1622 361 1663 uxor
376 1624 427 1663 sua
442 1607 537 1682 primo
552 1607 710 1665 concubitu
749 1607 845 1683 primo
865 1607 1023 1665 concubitu
1042 1604 1183 1663 interfecti
1204 1611 1271 1662 sunt
1286 1621 1301 1661 a

156 1688 301 1763 perierunt
330 1686 460 1759 fulmine,
489 1704 577 1746 causa
610 1697 709 1746 tamen
744 1685 1305 1763 doue,quiasacrificaueruntomnibus

156 1768 233 1827 latet.
288 1768 335 1828 uel
365 1768 432 1827 ideo
467 1769 536 1845 quia
563 1768 625 1827 aliis
653 1768 709 1827 diis
751 1769 805 1828 diis
819 1780 847 1828 et
862 1787 924 1828 non
938 1767 1012 1827 Ioui.
1057 1766 1084 1826 C
1096 1765 1204 1825 etAsk.

157 1850 269 1910 uocatis
284 1849 364 1909 Iouis
377 1849 458 1908 obliti
475 1859 550 1910 sunt.
596 1850 633 1910 G.

200 1946 267 2006 531.
304 1930 419 2006 thue
453 1931 710 1992 cothurnatum.
793 1928 924 1990 *Licoris
956 1929 1076 2006 quidam
1111 1939 1199 2006 poeta
1234 1928 1305 1987 scri·

159 2010 361 2090 *Licophorus
379 2013 504 2089 tragicus
523 2013 611 2072 nimis
626 2014 710 2089 igno·
750 2014 825 2072 bens
860 2013 1034 2089 tragoediam
1069 2027 1224 2088 percussus
1260 2017 1305 2068 est

157 2183 221 2221 aare
244 2169 268 2221 G
374 2165 573 2236 †Aristochius]
601 2169 644 2221 Aa
663 2169 756 2222 Aristo
779 2166 885 2222 Chius?
915 2187 951 2221 aa
972 2166 1186 2233 Aristomachus,
1211 2167 1253 2234 qui
1276 2167 1303 2219 in

158 2237 262 2292 Scholiis
272 2240 429 2292 Arateoram
444 2240 591 2292 Germanici
602 2251 758 2309 nuncupatus
769 2250 807 2293 est
815 2251 841 2308 p.
856 2241 905 2304 164
914 2240 952 2292 ed.
962 2240 1086 2308 Breysig?
1144 2236 1304 2290 Licofirrius

157 2309 202 2362 uel
214 2309 395 2362 Licostrarius
408 2312 473 2363 Ask.
526 2326 607 2380 puras
620 2311 635 2365 i.
650 2330 699 2364 om.
712 2311 776 2365 Ask.
832 2310 915 2362 mirus
926 2310 1062 2363 acriterG
1112 2308 1158 2376 qui
1171 2323 1235 2360 cum
1248 2308 1304 2374 ipsa

158 2379 352 2434 recitationeG
396 2380 510 2433 dextera
518 2382 583 2433 Ask.
632 2380 815 2434 emittendaC
865 2379 1304 2449 Saluagnianafabulasicextatin

159 2453 287 2504 Patauino
299 2451 378 2503 codice
388 2451 524 2503 Carcirius
535 2449 564 2518 (l.
574 2449 718 2519 Carcinus)
729 2457 812 2519 poeta
824 2451 951 2517 tragicus,
958 2456 990 2503 ut
1000 2450 1161 2503 Eustachius
1169 2454 1304 2502 memorat

160 2522 187 2573 iu
198 2522 232 2574 vii
243 2521 405 2573 Ethicorum
415 2521 567 2574 Aristotelis
577 2521 655 2587 libro,
665 2521 700 2574 de
711 2522 846 2575 Cercione
859 2521 973 2590 scripsit,
981 2527 1009 2574 et
1018 2521 1133 2589 Alepam
1146 2520 1176 2590 (l.
1185 2517 1302 2588 Alopen)

160 2592 217 2644 eius
226 2591 307 2644 filiam
317 2591 468 2644 adulteram
480 2593 564 2659 patris
573 2591 722 2646 infamauit.
752 2598 920 2660 quapropter
929 2593 1060 2645 traiectus
1067 2591 1156 2657 gladio
1166 2591 1304 2643 extinctus

160 2667 211 2715 est.
246 2663 291 2714 uel
304 2662 485 2728 intelligamus
497 2662 532 2716 de
545 2663 747 2716 Aristomachio
766 2662 787 2731 (i
796 2664 924 2715 Aristone
941 2660 1016 2730 chio)
1033 2667 1115 2730 poeta
1133 2661 1180 2730 qui
1193 2661 1304 2728 quidem

160 2732 226 2785 dum
247 2732 381 2798 tragicum
400 2748 512 2786 carmen
534 2733 715 2786 meditaretur
732 2749 783 2801 per
801 2733 896 2786 siluam
917 2733 1047 2786 incedens
1067 2732 1172 2786 arboris
1192 2730 1305 2784 frondes

160 2803 319 2856 decutiebat
338 2819 457 2856 securus.
493 2804 568 2871 quod
589 2803 655 2856 dum
675 2803 781 2857 faceret
800 2804 935 2871 serpentis
957 2819 1050 2856 morsu
1071 2802 1200 2856 concidit.
1238 2802 1305 2854 Vnde

160 2875 249 2927 merito
269 2876 400 2942 suspiceris
417 2885 498 2927 totam
515 2875 581 2928 hanc
592 2874 721 2942 fabulam
737 2875 767 2928 de
782 2887 857 2944 poeta
874 2884 985 2943 serpente
1001 2877 1078 2926 occiso
1095 2893 1127 2926 ex
1140 2875 1202 2925 Eth.
1216 2872 1242 2923 V
1238 2874 1274 2925 ΙΙ.
1288 2886 1303 2934 7

160 2945 249 3012 ὥσπερ
262 2946 276 2996 ὁ
289 2942 430 2998 θεοδέκτου
446 2943 602 3013 Φιλοκτήτης
618 2945 668 2998 ὑπὸ
683 2948 729 3000 τοῦ
745 2945 825 3015 ἔχεως
839 2943 1019 3014 πεπληγμένος
1035 2943 1048 3011 ἢ
1066 2946 1080 2996 ὁ
1097 2941 1222 3009 Καρκίνου
1235 2942 1262 2995 ἐν
1274 2941 1305 3008 τῇ

158 3011 259 3082 Ἀλόπῃ
284 3012 403 3083 Κερκύων
426 3015 563 3082 cotylatam
578 3016 673 3084 fuisse,
698 3019 735 3069 uti
755 3025 812 3085 post
836 3017 994 3084 Leopardum
1015 3016 1152 3068 Meinekius
1173 3014 1255 3066 docuit
1275 3013 1305 3064 dc

161 3086 268 3138 Carcine
287 3086 410 3140 disserens
431 3087 498 3140 Hist.
522 3087 585 3140 crit.
607 3087 677 3140 Gom.
700 3088 789 3140 Graec.
803 3100 830 3156 p.
846 3103 906 3150 51²·
943 3086 1012 3138 Idem
1030 3086 1167 3138 Meinekius
1188 3085 1305 3136 Aristoni

161 3157 230 3221 Chio,
243 3157 323 3210 Stoico
331 3155 481 3225 philosopho,
494 3160 612 3226 assignat
629 3158 784 3226 undeuiginti
793 3159 889 3210 iambos
906 3158 1054 3209 comicorum
1066 3157 1103 3209 ad
1116 3155 1304 3207 similitudinem

160 3238 200 3295 ap.
217 3227 378 3296 theophile.
396 3229 547 3294 Autolycum
563 3231 612 3282 ΙΙΙ.
628 3242 642 3290 7
661 3230 699 3281 ed.
719 3229 794 3294 Ono;
821 3246 975 3295 quamquam
993 3229 1059 3281 inter
1076 3227 1209 3279 Aristonea
1226 3227 1304 3276 etiam

161 3299 276 3366 tragicas
294 3309 451 3351 memoratur
469 3317 487 3351 a
506 3300 582 3366 Diog.
603 3301 635 3351 L.
655 3300 787 3363 VIL164.
824 3299 896 3367 Quae
914 3299 936 3351 C
951 3307 976 3349 et
993 3299 1059 3350 Ask.
1081 3297 1174 3349 habent
1191 3296 1306 3364 proxime

161 3368 282 3421 accedunt
303 3368 342 3420 ad
362 3387 393 3420 ea
417 3388 481 3437 quae
503 3369 533 3422 de
556 3370 658 3422 Anthea
678 3370 768 3422 Lindia
789 3370 873 3422 tradit
891 3370 1038 3421 Athenaeus
1059 3383 1118 3433 445.
1167 3367 1216 3419 Hic
1238 3367 1304 3417 enim

160 3436 338 3506 πρεσβύτερος
355 3439 396 3491 καί
414 3437 539 3508 εὐδαίμων
556 3439 691 3508 ἅνθρωπος
707 3438 804 3509 εὐφυής
818 3461 846 3493 τε
862 3439 922 3508 περὶ
933 3438 1038 3505 ποίησιν
1050 3437 1085 3491 ὢν
1096 3437 1179 3491 πάντα
1191 3437 1235 3489 τὸν
1246 3435 1306 3498 βίον

160 3507 342 3576 ἐδιονυσίαζεν,
359 3508 458 3577 ἐσθῆτά
475 3530 503 3563 τε
521 3509 684 3577 διονυσιακὴν
701 3512 792 3579 φορῶν
812 3509 854 3563 καί
870 3510 986 3564 πολλοὺς
1006 3509 1121 3578 τρέφων·
1137 3507 1307 3575 συμβάκχους

161 3577 239 3649 ι’ξῆγί
256 3601 284 3633 τε
302 3584 385 3648 κῶμον
403 3579 441 3633 ἀεὶ
459 3576 515 3647 μεθ’
528 3579 623 3670 ίγμίραν
641 3582 682 3633 καί
698 3579 805 3649 νύκτωρ.
832 3580 873 3633 καί
883 3585 985 3649 πρῶτος
996 3578 1054 3649 εὗρε
1066 3579 1111 3647 τὴν
1127 3578 1170 3631 διὰ
1181 3582 1231 3631 τῶν
1244 3597 1306 3629 συν-

161 3648 242 3703 θίτων
254 3648 384 3716 ὀνομάτων
400 3650 514 3717 ποίησιν,
529 3673 545 3718 η
562 3647 752 3719 Ἀσωπόδωρος
763 3654 777 3704 ὁ
790 3651 915 3705 Φλιάσιος
931 3648 1041 3720 ὕστερον
1057 3646 1190 3719 ε’χρίγσατο
1208 3647 1236 3700 ἐν
1251 3649 1306 3701 τοῖς

162 3719 340 3790 καταλογάδην
352 3719 463 3787 ι’άμβοις·
486 3719 560 3775 οὗτος
572 3721 601 3774 δι’
613 3722 654 3773 καὶ
666 3721 797 3792 κωμῳδίας
809 3721 889 3775 ἐποίει
902 3722 942 3774 καὶ
954 3721 1023 3774 άλλσ
1034 3720 1123 3774 πολλὰ
1135 3716 1257 3790 ἐντούτῳ
1269 3717 1306 3790 τῷ

88 3844 92 3850 ,
161 3791 248 3860 τρόπῳ
260 3795 311 3844 τῶν
322 3791 477 3859 ποιημάτων,
490 3790 507 3844 d
518 3791 612 3860 ἐξῆρχε
624 3794 678 3846 τοῖς
689 3790 744 3858 μεθ’
758 3792 836 3846 αὑτοῦ
848 3793 1065 3862 φαλλοφοροῦσι.

198 3875 258 3925 ⁵²7·
278 3861 414 3914 Horestes
428 3863 475 3917 GC
537 3863 746 3927 agamenonisC
809 3865 898 3917 Tacta.
910 3864 946 3916 ad
957 3864 1015 3931 Lyc.
1032 3876 1098 3927 1374
1110 3859 1187 3914 αὐτὸς
1202 3859 1230 3913 δὲ
1242 3860 1307 3926 μετὰ

161 3936 213 3984 τῶν
223 3931 347 4001 ἀδελφῶν
362 3931 460 3985 ἀνελὼν
471 3935 653 4001 Νεοπτόλεμον
669 3933 714 3987 τδν
725 3932 877 4002 Ἀχιλλέως,
889 3934 982 4004 ἔγημεν
993 3931 1129 4001 Ἑρμιόνην
1144 3930 1174 3997 ἐξ
1189 3929 1218 3999 ἧς
1230 3933 1306 4000 γεννᾷ

161 4003 312 4070 Τισαμενόν.
336 3999 376 4054 Ἦ
389 4003 452 4056 κατά
468 4024 538 4058 τινας
550 4000 688 4074 Ἠριγόνην
699 4001 782 4073 γήμας
797 4003 842 4070 τὴν
854 4003 981 4093 Αἰγίσθου
993 4003 1122 4057 Πίνθιλον
1133 4005 1218 4072 γεννᾷ,
1232 4001 1307 4053 οίκῶν

162 4071 190 4124 ἐν
206 4069 329 4141 Ὀρεστίᾳ
343 4075 389 4141 τῆς
406 4070 548 4143 Ἀρκαδίας,
562 4072 626 4127 ὅπου
643 4074 693 4127 ὑπὸ
710 4073 794 4144 ὄφεως
810 4074 914 4143 δηχθεις
932 4075 1079 4141 ἀναιρεῖται.
1115 4073 1165 4126 Sed
1181 4091 1229 4125 non
1245 4073 1307 4127 dicit

162 4143 267 4196 Taetues
279 4163 363 4213 angae
375 4144 488 4198 Orestem
496 4147 601 4214 periisse
612 4145 673 4198 dam
685 4145 722 4198 αδ
731 4146 856 4199 occidendo
869 4147 966 4213 Pyrrho
979 4147 1124 4198 reuertitur.

199 4229 261 4280 529.
280 4213 404 4282 Eupotus
418 4215 442 4267 G
548 4215 652 4269 Ebolus
669 4215 714 4268 uel
731 4215 830 4268 Ebalus
847 4217 891 4268 uel
908 4215 1037 4283 Empalus
1053 4216 1119 4267 Ask.
1226 4212 1309 4280 quiG

161 4284 382 4337 sacrificauerant
403 4286 469 4339 Ask.
552 4286 628 4339 Mure
650 4306 672 4339 s.
689 4305 714 4339 ιι.
738 4286 849 4354 Eupolis
873 4287 919 4355 qui
944 4286 1095 4339 secundum
1119 4283 1185 4336 alios
1206 4282 1308 4334 dicitur

164 4355 259 4421 Ypolis
271 4370 334 4407 cum
346 4355 463 4422 coniuge
474 4370 523 4408 sua
539 4355 647 4409 medela
663 4357 690 4408 in
707 4357 794 4424 prima
811 4361 892 4410 nocte
909 4357 1069 4424 nupciarum
1081 4359 1110 4408 et
1122 4353 1210 4421 primo
1223 4357 1308 4420 coytu

162 4424 244 4493 periit
280 4427 378 4479 Nomen
391 4429 477 4479 uxoris
491 4425 624 4480 Λυκαίνιον
634 4439 672 4481 est
683 4430 710 4480 in
721 4431 906 4496 epigrammate
914 4429 951 4482 A,
961 4430 992 4480 P.
1003 4429 1061 4479 VH.
1072 4429 1132 4491 298.
1145 4441 1168 4488 3.

200 4513 260 4561 531.
278 4498 409 4552 Historiae
410 4496 534 4564 ficticiae.
569 4497 792 4567 LicorphorusG
871 4498 989 4566 Lycoris
1001 4499 1068 4551 Ask.
1149 4507 1241 4563 passus
1254 4490 1307 4545 tuit
