3038 5010
180 398 238 455 174
643 389 867 453 EXCVRSVS.

180 549 321 620 plicantur
332 565 366 603 ex
378 549 448 603 Plut.
458 548 502 602 Al.
514 546 542 602 11.
553 547 659 617 Λέγεται
669 548 798 603 Φίλιππος
808 548 835 600 ἐν
844 546 994 617 Σαμοθράκῃ
1006 570 1037 615 τῃ
1046 542 1204 615 Ὀλυμπιάδι
1214 571 1330 619 συμμυη-

181 621 234 675 deis
245 620 322 674 οὗτός
333 641 361 672 τε
373 621 502 688 μειράκιον
514 620 549 672 ὢν
561 619 599 672 ἔτι
611 619 724 685 κάκείνης
738 620 828 673 παιδὸς
844 617 960 688 ὀρφανῆς
970 619 1067 688 γονέων
1079 619 1218 688 ἐρασθῆναι
1233 622 1273 674 καὶ
1286 623 1332 674 τὸν

181 692 264 760 γάμον
274 689 354 745 οὕτως
362 692 487 760 ἁρμόσας,
496 699 524 744 01
534 689 567 743 110
578 707 650 760 quae
660 689 766 744 ibidem
775 690 810 743 de
819 688 989 759 Olympiade
1000 689 1076 756 dicit,
1085 690 1161 759 quod
1167 707 1228 744 non
1238 692 1330 746 solum

183 761 350 816 Cabirorum
363 761 414 815 sed
427 760 513 815 etiam
524 760 655 830 Orphicis
665 770 692 814 01
704 760 851 814 Bacchicis
860 760 1001 829 mysteriis
1012 760 1122 815 initiata
1129 761 1219 830 fuerit,
1230 765 1331 828 μᾶλλον

181 830 275 901 ἑτέρων
287 833 428 897 ζηλώσασα
436 833 483 886 τὰς
495 831 607 900 κατοχάς
618 833 659 883 καὶ
671 831 730 886 τοὺς
741 830 946 898 ἐνθουσιασμοὺς
956 831 1088 900 ἐξάγουσα
1097 833 1330 900 βαρβαρικώτερον.

183 904 261 957 Nam
271 901 436 956 cabirorum
444 901 578 970 mysteria
585 902 622 955 ad
633 904 764 956 Cererem
772 901 888 971 eiusque
897 900 1141 956 filiosDardanum
1149 912 1177 956 et
1187 902 1331 956 Iasionem

182 972 322 1040 redibant,
336 982 365 1026 ut
382 972 471 1026 fusius
487 973 571 1026 docet
590 972 748 1026 Lobeckius
762 973 901 1041 Aglaoph.
919 988 945 1040 p.
964 987 1027 1025 1221
1043 989 1104 1042 sqq.
1118 990 1152 1026 ex
1172 973 1264 1027 Strab.
1281 974 1330 1041 198

181 1041 274 1111 Ὀμοῖα
286 1045 340 1097 τοῖς
352 1043 380 1096 ἒν
392 1042 543 1112 Σαμοθράκῃ
558 1044 616 1132 περὶ
633 1043 679 1111 τὴν
691 1042 828 1110 Δημήτραν
840 1043 881 1095 καὶ
892 1044 939 1110 τὴν
952 1046 1037 1112 Κόρην
1050 1043 1222 1111 ἱεροποιεῖται,
1236 1044 1331 1098 Schol.

183 1115 236 1183 Ap.
252 1116 286 1167 R.
300 1113 318 1167 i.
331 1127 382 1182 917
396 1117 526 1167 Μυοῦνται
539 1113 566 1166 δὲ
584 1134 611 1166 εν
626 1113 657 1180 τῇ
674 1111 825 1182 Σαμοθράκῃ
842 1115 896 1167 τοῖς
912 1114 1058 1183 Καβείροις,
1071 1114 1105 1168 ὣς
1118 1114 1239 1168 Μνασέας
1253 1115 1330 1183 φησί.

184 1203 234 1256 Kal
246 1203 277 1255 τὰ
290 1201 401 1270 ὀνόματα
414 1201 496 1254 αὐτῶν
508 1201 523 1253 δ
535 1202 580 1253 τὸν
591 1199 708 1270 άριθμθν,
721 1201 836 1269 Ἀξίερος
847 1198 1000 1270 Ἀξιόκερσα
1012 1199 1185 1270 Ἀξιόκεραος.
1215 1199 1331 1271 Ἀξίερος

183 1275 230 1342 μὲν
242 1271 287 1326 οὖν
299 1271 371 1326 ε’στιν
383 1270 398 1340 ἡ
409 1271 538 1340 Δημήτηρ,
550 1268 703 1339 Ἀξιόκερσα
719 1270 747 1324 δὲ
760 1270 775 1338 ἡ
789 1273 952 1341 Περσεφόνη,
963 1271 1129 1341 Ἀξιόκερσος
1145 1272 1174 1324 δὲ
1190 1274 1205 1324 ὁ
1218 1269 1303 1338 Αἴθης,
1317 1273 1331 1324 ὁ

184 1344 213 1397 δὲ
225 1342 426 1412 προστιθέμενος
444 1341 564 1413 τέταρτος
576 1342 712 1410 Κάσμιλος
726 1343 740 1392 ὁ
752 1339 847 1411 Ἐρμῆς
864 1341 963 1396 ε’στιν.*
1001 1344 1101 1412 ltaque
1118 1342 1251 1413 εἰρωνικῶς
1263 1342 1331 1397 dicit

184 1420 287 1484 potita:
314 1412 420 1467 ‘multa
443 1423 473 1467 tu
498 1412 621 1482 quidem,
642 1411 797 1480 Olympias,
818 1412 1015 1479 mysteriorum
1033 1430 1067 1466 ac
1089 1411 1197 1467 Cereris
1216 1412 1331 1467 nomine

184 1485 311 1539 facinora
322 1494 458 1553 patraras,
472 1483 557 1553 idque
574 1491 698 1536 secreto:
723 1483 778 1536 hoc
796 1499 916 1549 sacrum,
929 1499 985 1552 quo
1003 1482 1104 1537 initiati
1117 1493 1145 1537 te
1159 1483 1331 1551 occiderunt,

184 1573 242 1610 non
256 1555 313 1609 iam
326 1553 561 1608 dissimulandum
578 1553 639 1621 erit,
652 1553 704 1607 sed
718 1554 814 1622 palam
833 1552 1045 1622 enuntiandum,
1059 1571 1123 1608 cum
1136 1564 1234 1608 auctor
1246 1563 1277 1608 tu
1289 1563 1331 1608 tot

184 1626 340 1681 facinorum
353 1624 498 1680 moriaris!

221 1698 247 1751 6.
267 1695 314 1750 Sic
333 1695 357 1749 si
379 1693 577 1764 interpreteris,
596 1711 653 1748 non
675 1694 803 1749 turbatur
824 1694 894 1748 ordo
915 1710 1057 1750 uersuum.
1095 1695 1201 1749 Contra
1223 1692 1331 1748 sicum

185 1767 326 1838 plerisque
340 1778 399 1834 305,
413 1766 430 1819 6
448 1766 484 1820 de
498 1765 654 1819 Laodamia
672 1765 732 1819 siue
747 1765 908 1832 Deidamia,
922 1778 982 1833 307,
996 1766 1011 1819 8
1029 1766 1065 1819 de
1082 1766 1189 1834 Pyrrho
1204 1767 1231 1818 Il
1251 1765 1332 1819 intel-

111 1874 118 1885 ·
185 1839 265 1907 ligas,
284 1847 348 1907 post
368 1845 619 1890 commemoratum
639 1850 699 1903 301,
718 1850 733 1888 2
754 1837 892 1904 Pyrrhum
912 1837 1058 1905 Magnum,
1078 1851 1138 1904 303,
1157 1851 1175 1902 4
1194 1836 1332 1904 Pyrrhum

187 1909 273 1962 filium
291 1907 418 1973 Achillis,
432 1906 512 1976 quasi
530 1906 637 1961 reditus
656 1907 686 1960 fit
702 1907 793 1975 305,6
810 1907 847 1961 ad
865 1906 962 1974 Pyrrhi
978 1906 1077 1975 Magni
1095 1916 1201 1975 natam,
1219 1916 1247 1961 et
1266 1905 1333 1960 hinc

186 1992 246 2049 307,
260 1979 311 2047 308
329 1978 366 2032 ad
385 1976 512 2031 eiusdem
525 1977 623 2045 Pyrrhi
642 1987 784 2046 nepotem.
821 1978 859 2030 Et
876 1993 912 2030 00
930 1978 985 2031 hoc
1004 1976 1118 2046 quidem
1135 1975 1189 2030 nisi
1206 1975 1332 2030 admisso

186 2067 279 2104 errore
292 2049 337 2102 fit:
355 2064 423 2102 nam
435 2057 465 2101 ut
479 2049 586 2116 Pyrrho
600 2049 708 2115 Magno
721 2048 778 2102 filia
791 2047 944 2102 Deidamia
956 2047 1016 2101 siue
1027 2047 1183 2101 Laodamia
1194 2047 1285 2113 suerit,
1298 2063 1333 2100 ex

145 2168 147 2173 .
185 2137 243 2174 uno
260 2121 322 2173 loco
337 2117 437 2172 lustini
450 2117 542 2172 xxviii.
556 2132 572 2186 3
585 2117 701 2172 elicitur.
740 2118 795 2188 Qui
814 2135 879 2173 cum
898 2117 974 2172 dicat
993 2136 1027 2172 ex
1044 2128 1129 2187 gente
1147 2116 1225 2187 regia
1242 2119 1332 2171 solam

187 2190 342 2245 Nereidem
358 2187 497 2258 uirginem
516 2205 580 2241 cum
600 2187 756 2242 Laodamia
774 2207 869 2243 sorore
888 2187 1096 2258 superfuisse,e
1113 2188 1214 2259 quibus
1230 2187 1333 2242 Nereis

185 2261 275 2314 nubat
288 2259 399 2326 Geloni,
413 2258 568 2313 Laodamia
581 2276 598 2312 a
610 2259 715 2327 populo
728 2259 875 2314 interfecta
887 2259 932 2328 sit,
943 2259 1098 2313 Pausanias
1112 2268 1207 2313 autem
1219 2258 1254 2313 vi.
1267 2272 1332 2326 13.3

186 2340 215 2386 et
236 2329 369 2399 Polybius
390 2329 435 2384 vii.
455 2343 479 2395 4
503 2342 516 2398 5
537 2330 673 2399 Pyrrhum
701 2332 740 2384 M.
760 2330 846 2384 filiam
873 2329 1026 2384 Nereidem
1052 2329 1153 2384 Geloni
1178 2330 1333 2383 collocasse

186 2401 310 2468 tradant,
331 2400 503 2454 concludunt
525 2400 633 2468 Pyrrho
654 2400 772 2455 alteram
796 2401 883 2455 filiam
909 2400 1094 2454 Laodamiam
1115 2399 1208 2454 fuisse.
1246 2398 1332 2469 Atqui

188 2471 298 2526 Iustino
313 2470 414 2525 Nereis
427 2481 454 2525 et
469 2470 624 2524 Laodamia
641 2471 718 2525 solae
735 2489 769 2525 ex
783 2482 868 2540 gente
884 2470 962 2539 regia
975 2471 1156 2540 Epirotarum
1168 2478 1333 2540 supererant

186 2553 252 2613 post
274 2542 435 2596 interfectos
457 2542 650 2595 Ptolemaeum
675 2551 702 2596 et
724 2543 861 2610 Pyrrhum
882 2541 979 2612 Pyrrhi
1001 2544 1042 2596 Μ.
1064 2552 1203 2611 nepotes3
1231 2540 1333 2610 quibus

188 2613 305 2667 mortuis
318 2621 347 2667 et
363 2621 453 2666 matre
470 2611 648 2680 Olympiade,
661 2613 701 2666 sic
716 2613 828 2667 demum
844 2612 946 2667 Geloni
959 2611 1039 2666 nubit
1053 2611 1163 2680 Nereis,
1178 2610 1334 2665 Laodamia

188 2683 361 2738 interficitur.
381 2684 480 2752 Itaque
496 2681 619 2736 Iustinus
629 2699 685 2736 non
697 2683 795 2751 Pyrrhi
805 2685 846 2738 M.
855 2683 926 2737 filias
937 2682 1091 2737 Nereidem
1100 2692 1128 2737 et
1139 2681 1333 2750 Laodamiam,

188 2754 240 2808 sed
265 2755 354 2808 multo
378 2751 541 2808 recentioris
566 2753 673 2820 habuit,
693 2753 778 2807 credo
799 2753 897 2822 Pyrrhi
920 2755 949 2807 II
972 2754 1017 2807 cui
1042 2754 1129 2807 filiam
1151 2751 1334 2807 Deidamiam

189 2823 345 2879 Pausanias
365 2823 399 2878 iv.
420 2836 460 2892 35.
482 2837 497 2891 3
516 2823 621 2890 tribuit,
640 2823 775 2893 additque
795 2841 866 2893 eam,
886 2842 951 2878 cum
969 2823 1052 2878 fuerit
1072 2823 1132 2878 sine
1150 2822 1254 2891 liberis,
1273 2839 1333 2876 retn

188 2895 369 2964 Epirotarum
387 2895 492 2964 populo
511 2893 707 2949 demandasse.
747 2896 809 2949 Nec
827 2905 923 2949 tamen
938 2894 1043 2948 infitior
1060 2893 1186 2964 potuisse
1199 2892 1334 2947 Ouidium

188 2965 229 3019 sic
247 2982 347 3034 errare,
364 2982 429 3018 cum
441 2965 577 3018 Aeacides
591 2965 715 3033 Pyrrhus
735 2968 774 3019 M.
794 2982 851 3019 000
870 2966 959 3020 semel
976 2976 1093 3019 uocatus
1112 2965 1156 3033 sit,
1172 2963 1219 3035 qui
1238 2972 1334 3017 autem

188 3036 328 3090 Aeacides
347 3052 415 3089 uero
433 3034 548 3088 nomine
566 3034 626 3103 fuit,
639 3045 667 3089 et
685 3045 783 3090 natam
801 3035 982 3090 Deidamiam
1001 3035 1098 3090 habuit
1113 3035 1210 3103 (Diod.
1222 3033 1275 3088 xvi.
1291 3046 1334 3103 72,

188 3106 242 3161 xix.
258 3106 301 3175 35)
315 3107 351 3160 ab
365 3105 470 3160 Ouidio
486 3104 637 3174 significari
655 3115 785 3176 nequeat,
799 3105 859 3161 siue
876 3107 952 3176 quod
969 3108 1040 3162 haec
1054 3105 1207 3160 Deidamia
1225 3105 1334 3172 morb0,

188 3194 246 3231 non
259 3176 295 3246 ui,
308 3176 390 3246 periit
405 3177 487 3245 (Plut.
500 3178 612 3230 Demet.
622 3175 715 3244 xxxii),
726 3176 786 3230 siue
799 3177 875 3246 quod
888 3176 970 3231 huius
983 3176 1126 3231 Aeacidae
1139 3193 1228 3245 nepos
1240 3175 1333 3229 nullus

188 3264 299 3301 ueneno
309 3245 463 3301 exstinctus
476 3245 585 3300 dicitur.
605 3247 663 3301 Sed
676 3257 751 3301 esto:
769 3264 826 3301 000
840 3247 880 3301 010
893 3247 990 3301 errarit
1003 3254 1095 3329 potita,
1106 3247 1157 3301 sed
1166 3245 1334 3301 Aeacidae

187 3328 299 3372 natam
312 3315 477 3372 intellexerit
488 3316 586 3385 Pyrrhi
599 3318 627 3370 II
640 3316 826 3371 Laodamiam
838 3317 898 3372 siue
909 3333 965 3387 quo
974 3320 1030 3371 0110
1039 3317 1153 3373 nomine
1166 3334 1218 3371 usa
1227 3326 1284 3371 est:
1304 3320 1333 3370 at

187 3388 305 3443 restabit
315 3405 372 3441 non
382 3387 475 3441 minus
486 3386 624 3456 explicatu
637 3387 759 3456 difficile,
770 3389 913 3458 quomodo
927 3387 1007 3443 dicti
1021 3388 1117 3442 modo
1130 3387 1220 3457 regis
1230 3403 1287 3441 non
1296 3386 1334 3439 ad

188 3459 314 3528 proxime
327 3458 545 3528 praecedentem
557 3457 728 3513 Aeaciden
741 3460 768 3513 h.
778 3476 800 3513 e.
814 3460 951 3527 Pyrrhum
962 3461 989 3512 11
1002 3459 1144 3527 referatur,
1154 3458 1205 3513 sed
1218 3458 1255 3512 ad
1268 3473 1334 3511 eum

188 3530 267 3584 cuius
281 3546 329 3584 sex
341 3538 407 3583 ante
424 3527 552 3582 uersibus
570 3528 744 3584 mentionem
760 3528 834 3596 10011,
847 3530 1011 3584 Achilliden
1023 3530 1049 3584 h.
1059 3547 1083 3584 e.
1098 3530 1235 3597 Pyrrhum
1249 3530 1334 3596 Mag·

187 3617 264 3655 num.
303 3601 380 3653 Nam
398 3598 444 3652 hic
462 3599 532 3652 ordo
550 3599 654 3668 euadit,
672 3601 794 3668 Pyrrhus
809 3602 858 3669 Μ,
873 3601 995 3671 Pyrrhus
1007 3599 1125 3654 Achillis
1143 3601 1170 3667 f.,
1185 3598 1283 3669 Pyrrhi
1302 3599 1332 3652 11

187 3671 253 3739 filia,
268 3672 389 3740 Pyrrhus
405 3671 433 3722 11
448 3669 517 3738 ipse.
553 3669 666 3739 Ecquid
678 3670 795 3725 futtilius
808 3670 935 3740 magisue
967 3672 1181 3741 raeposterum?

222 3740 270 3794 Ad
281 3744 351 3808 809,
363 3744 428 3795 310.
447 3741 512 3794 Aut
530 3739 585 3809 pia
603 3750 635 3795 te
654 3758 750 3796 caeso
769 3741 898 3796 dicatur
916 3688 1075 3816 adultera,
1095 3739 1180 3795 sicut

483 3811 553 3879 Qua
571 3811 693 3866 cecidit
714 3813 843 3866 Leucon
862 3811 993 3866 uindice
1012 3812 1102 3866 dicta
1120 3811 1215 3880 piast.

224 3879 291 3934 Dixi
312 3897 362 3934 cur
381 3880 557 3935 Scholiastae
575 3897 632 3935 non
651 3882 814 3952 adstipulor,
835 3883 996 3937 Leuconem
1020 3899 1116 3951 regem
1136 3884 1334 3951 Bosporanum

187 3950 339 4019 significari
354 3971 360 4016 ;
378 3968 444 4004 nam
458 3950 504 4004 hic
517 3961 544 4005 et
560 3952 597 4005 ad
613 3962 787 4007 senectutem
799 3953 929 4022 produxit
945 3952 1094 4022 imperium
1110 3968 1163 4006 nec
1183 3951 1334 4022 quicquam

187 4021 223 4075 de
237 4020 374 4075 adulterio
387 4021 447 4075 eius
459 4038 512 4074 nec
526 4021 562 4076 de
575 4033 665 4078 morte
678 4041 750 4104 quae
763 4022 792 4077 id
805 4024 863 4078 0110
876 4023 911 4078 011
924 4024 961 4077 ab
971 4023 1094 4093 antiquis
1107 4022 1232 4077 traditur.

222 4091 303 4145 Alius
329 4091 467 4146 Leuconis
493 4092 600 4161 (Schol.
627 4094 658 4149 11.
682 4093 709 4149 ir.
734 4092 797 4163 649)
823 4094 883 4151 siue
909 4093 994 4150 Leuci
1024 4102 1100 4150 extat
1125 4092 1263 4149 memoria
1287 4109 1333 4162 ap.

187 4162 312 4232 Lycoph.
329 4175 493 4232 1²14·1²²5·

220 4321 235 4362 t
252 4319 288 4365 Ad
300 4319 434 4366 Cabirorum
448 4327 472 4365 et
483 4318 571 4367 Cereris
585 4318 649 4367 initia
662 4335 710 4367 non
725 4319 806 4367 iniuria
820 4318 903 4367 referas
918 4319 980 4381 quod
996 4320 1056 4367 idem
1068 4317 1203 4367 Plutarchus
1219 4319 1291 4366 tradit
1305 4319 1336 4367 de

187 4394 291 4445 serpente
308 4384 347 4445 qui
363 4383 498 4444 Olympiadi
514 4386 646 4433 accubuerit
664 4385 711 4446 (Al.
726 4386 761 4444 ii),
779 4394 802 4432 et
819 4386 848 4433 de
864 4387 990 4432 mansuetis
1007 4387 1119 4447 anguibus
1136 4400 1192 4447 quos
1209 4384 1293 4446 thyrsis
1310 4392 1336 4432 et

186 4449 424 4578 enisoqqtbsrttrccaqunqrqqr
441 4451 605 4514 circumplicati
622 4451 760 4509 instituerit3
781 4466 834 4500 uam
849 4462 962 4512 serpentes
977 4448 1107 4512 Δήμητρος
1121 4447 1272 4513 ἀμφιπόλους
1285 4464 1336 4498 me·
