3038 5010
223 359 263 421 lvi
633 353 960 415 PROLEGOMENA.

267 514 420 573 Postremo
435 513 712 572 commemorandae
727 523 793 571 sunt
807 511 1022 571 Deflorationes
1043 530 1118 590 quae
1134 511 1209 571 inter
1229 511 1316 572 flores
1337 530 1375 571 ex

226 596 320 672 poetis
334 594 447 653 Latinis
463 603 618 670 excerptos
637 593 735 653 Ouidii
756 594 844 652 etiam
866 594 1061 665 nonnullam
1082 594 1127 652 his
1146 595 1236 653 Ibidis
1256 595 1375 664 habent,

227 676 390 736 Duacensis
406 679 473 750 690,
488 674 687 735 Atrebatensis
703 678 751 749 65,
766 674 896 734 Parisma
914 688 1010 750 17903
1030 693 1105 734 saec.
1121 676 1178 747 xiii,
1193 674 1262 734 Brit.
1277 676 1375 734 Musei

232 761 338 834 18459,
352 757 513 817 Bodleiana
527 756 640 817 Canon.
656 756 731 815 Patr.
747 755 810 814 Lat.
827 775 874 830 43,
890 755 1078 833 Phillippicae
1097 759 1183 832 1813,
1202 760 1287 831 1827.

763 1066 834 1140 IX.

609 1206 613 1216 Ι
633 1253 684 1316 De
704 1251 843 1317 Scholiis
860 1252 974 1316 Ibidis.

269 1415 452 1476 Scholiorum
468 1414 559 1473 Ibidis
574 1415 612 1473 ad
630 1415 687 1474 hoc
705 1433 797 1491 usque
816 1425 931 1491 tempus
949 1414 1058 1472 incerta
1073 1422 1185 1472 tantum
1200 1413 1301 1472 notitia
1315 1413 1376 1472 fuit.

227 1498 306 1557 Nam
320 1498 408 1556 editio
423 1497 552 1554 Parisina
566 1515 592 1554 a.
612 1510 697 1571 1573,
713 1497 743 1553 in
759 1514 817 1573 qua
831 1505 898 1572 post
913 1514 1030 1554 carmen
1044 1495 1117 1553 Pub.
1138 1494 1238 1553 Ourna·
1248 1494 1377 1555 Nasonis

227 1581 257 1638 in
278 1580 411 1654 quendam
431 1597 508 1654 quern
528 1584 609 1637 uacat
621 1576 688 1637 Ibin
710 1588 859 1654 postremo
881 1596 954 1635 nunc
973 1578 1080 1635 tandem
1101 1578 1223 1634 adr'ectus
1242 1583 1283 1634 est
1300 1584 1377 1634 uetus

227 1660 370 1735 Interpres
383 1679 524 1735 nunquam
538 1665 619 1717 antea
639 1661 670 1717 in
689 1659 774 1717 lacera
792 1659 921 1730 messus*
936 1658 1057 1734 pusillus
1075 1658 1147 1716 liber
1161 1658 1266 1717 doctos
1286 1658 1375 1728 latuit,

227 1758 406 1818 quamquam
421 1742 479 1799 iam
495 1759 573 1799 anno
586 1743 662 1815 1564
672 1740 828 1799 Turnebus
838 1739 962 1799 Aduers.
972 1740 1012 1798 ix.
1027 1753 1063 1812 25
1073 1739 1123 1798 ubi
1137 1739 1218 1798 locos
1233 1740 1377 1815 quosdam

228 1823 318 1883 Ibidis
340 1822 501 1900 explicauit,
517 1822 667 1881 Atarnites
688 1839 832 1898 reponens
853 1822 884 1878 in
904 1839 932 1879 u.
954 1839 1021 1897 319,
1037 1821 1109 1880 haec
1131 1819 1248 1891 addidit,
1262 1821 1337 1895 quod
1352 1826 1380 1877 et

227 1910 388 1963 annotatum
402 1923 420 1961 a
434 1909 520 1963 uetere
538 1904 682 1979 interprete
691 1905 804 1981 fuerat,
819 1905 899 1960 curas
916 1904 1024 1960 scre'rer'a
1041 1903 1097 1960 alii
1106 1903 1263 1976 interpretes
1276 1903 1377 1976 compi-

228 1987 333 2056 larunt,
348 1991 375 2042 et
385 1987 489 2060 scripta
502 1986 556 2042 etsi
566 1987 699 2060 mendosa,
714 1986 785 2041 unde
797 1990 887 2042 tamen
904 1985 992 2041 multa
1006 1984 1124 2041 odorari
1130 1990 1299 2059 poteramus,
1313 1993 1378 2058 sup-

224 2077 406 2143 presserunt‚·
428 2066 564 2140 idemque
586 2064 624 2123 ad
645 2084 672 2124 u.
695 2082 750 2139 591
771 2063 899 2124 Comicus
916 2071 949 2123 ut
967 2066 1083 2139 liquidis
1103 2065 1195 2122 ‘lunc
1214 2083 1325 2122 uersum
1346 2065 1379 2121 de

227 2147 389 2205 Menandro
400 2148 532 2223 intellegit
544 2153 621 2204 uetus
634 2148 775 2222 interpres,
788 2153 820 2203 nt
831 2147 951 2203 alearum
967 2147 1096 2203 relatione
1106 2147 1289 2222 cognoscemus
1299 2142 1377 2222 (nane

229 2230 308 2287 ellam
331 2230 499 2303 interpretem
522 2225 735 2305 desiderantem?
779 2227 838 2285 Sed
862 2246 916 2285 nec
941 2228 1029 2286 altera
1054 2226 1142 2286 editio
1164 2244 1240 2303 quae
1260 2226 1378 2285 Parisiis

228 2309 337 2386 prodiit
356 2327 434 2367 anno
453 2310 539 2382 1581,
554 2317 627 2368 teste
651 2308 807 2384 Saluagnio
831 2309 870 2366 ad
889 2308 955 2366 Vet.
972 2308 1092 2385 Interpr.
1114 2328 1142 2386 p.
1165 2327 1178 2365 1
1199 2307 1379 2384 ‘fragmenta

228 2391 323 2450 lacera
333 2399 362 2449 et
372 2389 526 2449 mendosa’
536 2390 690 2448 continens
700 2389 796 2448 multis
808 2391 924 2448 uidetur
935 2390 1053 2466 cognita
1063 2389 1159 2461 fuisse,
1172 2389 1378 2465 languentibus

229 2473 260 2532 in
275 2471 384 2532 Ouidio
405 2471 583 2531 eruditorum
603 2470 704 2530 studiis
723 2479 752 2531 et
771 2471 808 2528 ad
830 2470 895 2541 alia,
912 2471 1067 2546 praecipue
1082 2471 1203 2541 Graeca,
1218 2471 1377 2529 conuersis.

229 2555 319 2613 Anno
347 2554 467 2613 demum
494 2554 568 2611 1661
596 2551 754 2629 Dionysius
783 2552 957 2627 Saluagnius
982 2552 1119 2612 Boessius
1144 2552 1263 2611 editioni
1287 2551 1377 2610 Ibidis

230 2638 342 2712 quam†
354 2633 513 2699 secundam
527 2633 664 2709 Lugduni
679 2633 795 2711 protulit
810 2633 913 2692 adiecit
929 2642 1078 2710 tamqnam
1091 2634 1152 2692 ‘diu
1167 2631 1376 2692 desideratum’

230 2726 358 2776 ueterem
379 2715 460 2773 illum
474 2716 675 2790 Interpretem,
695 2715 747 2773 sed
762 2714 998 2793 ‘locupletiorem
1019 2724 1048 2773 et
1069 2714 1297 2774 emendatiorem
1319 2731 1377 2790 ope

230 2797 355 2857 duorum
377 2795 512 2855 codicum
527 2795 623 2854 MSS!
667 2795 754 2854 Hanc
775 2796 933 2854 editionem
949 2795 1132 2854 Scholiorum
1148 2797 1216 2855 citat
1230 2795 1378 2855 Bentleius

231 2878 313 2937 Phal.
329 2896 356 2953 p.
376 2880 433 2951 240
448 2878 493 2936 ed.
512 2876 602 2953 Dyce,
618 2887 646 2936 et
667 2877 697 2934 in
713 2876 889 2937 Callimachi·
903 2877 1091 2953 fragmentis,
1116 2895 1212 2953 neque
1234 2878 1289 2935 alia
1303 2877 1378 2936 Bnr-
1440 2874 1443 2881 '

231 2960 331 3018 manni
345 2969 397 3019 est.
442 2957 500 3018 Sed
515 2958 681 3027 Merkelius‚
696 2976 763 3018 cum
781 2976 860 3017 anno
879 2961 954 3033 1837
971 2958 1078 3018 Tristia
1093 2969 1122 3018 et
1136 2959 1202 3017 Ibin
1219 2959 1325 3030 ederet,
1340 2976 1378 3016 ex

231 3040 333 3101 codice
353 3040 521 3100 Askeuiano
544 3040 645 3120 (MSS.
660 3039 742 3100 Diez.
762 3037 812 3118 21)
835 3038 952 3099 Scholia
973 3041 1099 3116 quaein
1120 3059 1156 3099 eo
1174 3058 1191 3098 a
1211 3058 1239 3098 u.
1263 3053 1320 3114 259
1341 3038 1379 3097 ad

231 3123 320 3181 finem
342 3122 476 3181 carminis
498 3131 605 3193 extant,
627 3121 803 3180 examussim
825 3120 984 3196 descripsit,
1003 3121 1143 3197 appositis
1164 3140 1201 3180 ex
1221 3120 1377 3197 Saluagnio

231 3204 349 3263 nonnisi
364 3208 451 3281 ‘quae
465 3204 552 3279 paulo
566 3203 682 3266 maioris
697 3203 737 3260 rei
751 3202 808 3263 illic
823 3202 936 3261 diuersa
950 3202 997 3261 uel
1011 3202 1188 3279 copiosiora'
1203 3202 1360 3262 inuenerat.

273 3283 330 3345 His
347 3302 385 3344 ex
405 3284 532 3343 fontibus
550 3284 645 3344 hausit
659 3283 838 3358 Ehualdus‡
854 3284 986 3342 notitiam
1002 3282 1193 3354 Scholiorum,
1208 3302 1304 3360 neque
1324 3283 1379 3342 alia

232 3365 341 3426 uiderat
350 3367 405 3425 nisi
419 3366 519 3424 breuia
533 3365 678 3441 quaedam
693 3374 721 3423 et
736 3364 835 3422 mutila
849 3382 924 3440 quae
939 3366 969 3424 in
983 3366 1113 3440 margine
1125 3366 1189 3424 cod.
1200 3363 1286 3424 Paris
1300 3379 1378 3440 7994

232 3447 346 3524 scripsit
365 3465 479 3517 manus,
498 3456 530 3505 ut
550 3445 671 3516 uidetur,
694 3462 770 3504 saec.
792 3445 841 3503 xiii
861 3445 909 3505 uel
929 3446 985 3505 xiv,
1027 3446 1075 3505 Ne
1097 3447 1239 3506 Parisinas
1260 3446 1380 3522 quidem

232 3529 375 3588 editiones
390 3527 527 3603 inspexit;
550 3544 728 3602 quamquam
743 3526 817 3584 inter
830 3527 957 3602 priorem
972 3528 1049 3585 illam
1064 3545 1089 3586 a.
1106 3540 1181 3602 1573
1194 3536 1223 3586 et
1233 3526 1379 3603 Saluagnii

234 3608 351 3669 Scholia
364 3609 506 3668 artissima
522 3617 599 3668 estc
661 3608 729 3667 atio.
772 3607 851 3666 Nam
870 3607 901 3666 in
919 3609 1087 3668 uniuersum
1102 3609 1297 3667 Parisinorum
1311 3625 1379 3667 cum

235 3690 435 3766 Saluagnianis
449 3706 540 3747 unum
560 3621 660 3773 geg¹
673 3699 732 3760 est;
763 3688 1009 3748 Merkelianorum
1024 3689 1145 3748 alterum
1159 3691 1253 3767 idque·
1261 3706 1380 3766 prorsus

232 3769 379 3832 dissimile.
603 3780 606 3787 '

276 3851 335 3912 Sed
355 3869 422 3928 ego,
443 3852 493 3927 qui
514 3850 580 3910 Ibin
603 3851 638 3909 de
661 3870 741 3910 nouo
764 3851 850 3911 edere
873 3850 1140 3924 constituerimus
1162 3852 1238 3911 hanc
1261 3852 1381 3929 quidem

234 3943 347 4010 partem
367 3932 465 4009 operis
484 3933 543 3991 mei
565 3932 607 3991 sic
635 3933 714 3992 uolui
738 3933 898 4010 relinquere
925 3932 1176 4009 quemadmodum
1197 3951 1215 3992 a
1235 3935 1380 4010 prioribus

234 4032 415 4091 acceperam.
458 4013 525 4086 Qua
546 4014 576 4072 in
597 4032 628 4073 re
648 4015 721 4074 iuuit
741 4032 789 4073 me
811 4014 942 4086 fortuna;
967 4014 1107 4093 namqui
1124 4013 1224 4079 ,codex
1245 4015 1380 4074 carminis

234 4096 452 4172 antiquissimus
466 4105 509 4154 est
519 4095 557 4168 G,
568 4096 646 4155 idem
660 4106 800 4174 perpetua
811 4096 920 4156 scholia
933 4096 1021 4154 habet
1035 4096 1102 4154 inde
1116 4114 1135 4153 a
1148 4114 1175 4154 u.
1189 4110 1255 4170 253.
1296 4096 1380 4154 Haec

268 4295 282 4327 *
301 4292 390 4340 Parisiis
401 4309 430 4341 ex
442 4293 593 4357 typographia
605 4291 711 4354 Dionysii
723 4308 736 4339 a
747 4293 816 4340 Prato
827 4293 863 4339 uia
876 4292 1029 4404 Amygdalina
1041 4292 1070 4340 ad
1082 4291 1189 4339 Veritatis
1201 4291 1301 4355 insigne.

267 4358 285 4412 †
302 4359 366 4405 Prior
376 4360 448 4406 editio
459 4359 609 4422 Saiuagniana
622 4358 690 4405 Ibidis
701 4358 786 4418 prodiit
798 4358 904 4422 Lugduni
919 4372 928 4404 1
949 4370 989 4418 33.

266 4425 283 4481 ss
300 4424 336 4472 De
348 4425 473 4472 Scholiasta
484 4424 522 4485 qui
535 4432 568 4472 est
580 4424 609 4470 ad
621 4424 698 4470 Ouidii
711 4424 760 4470 Ibin
772 4424 952 4472 Commentario.
985 4421 1065 4469 Gotha
1079 4419 1149 4484 1876.
