3038 5010
675 379 721 437 ns
752 379 869 456 mm„
1300 383 1338 438 ar

188 546 217 596 et
237 537 316 596 hunc
338 554 451 594 morem
473 529 671 596 in'sacrificiis
693 554 744 612 pa·
785 545 890 595 nantes
905 527 1028 594 nimium
1046 545 1133 612 potae
1153 535 1190 596 de
1209 535 1340 613 quodam

188 620 258 677 triae
271 637 340 677 suae
352 618 520 694 derequurt
537 636 627 694 quare
636 617 743 676 Lindia
786 627 887 676 monte
905 613 968 759 [εἰ]
991 619 1227 695 praecipitarunt,
1248 629 1280 678 ut
1300 620 1341 677 ait

188 701 325 795 pertulit
318 719 348 757 m
363 718 430 758 eum
441 700 536 776 turpia
550 700 652 793 uerba;
667 717 742 775 quae
785 697 894 758 Gallus,
979 706 1006 758 et
1017 697 1087 760 Asa.

188 783 219 839 in
240 781 367 840 furorem
388 799 531 851 conuersa
551 799 583 840 se
607 781 638 838 in
662 798 743 838 mare

187 863 395 938 praecipitauit.
440 861 477 921 G.

230 943 371 1003 Hercules
391 944 544 1002 cuiusdam
560 941 664 1001 Lindit'
678 962 742 1002 ara·
826 942 906 1002 *Hic
944 944 1111 1019 intelligitur
1152 943 1225 1003 Ibici
1263 940 1340 1021 Lydi
1423 964 1428 970 ·

189 1026 259 1084 toris
274 1035 390 1101 raptum
409 1026 518 1084 bouem
538 1024 646 1084 occidit
660 1034 689 1083 et
703 1026 744 1083 ait
784 1024 843 1084 filia
857 1043 933 1101 quae
948 1043 1016 1084 cum
1030 1025 1143 1084 Dianae
1159 1024 1265 1084 auxilio
1278 1026 1341 1083 uim
1437 1048 1439 1055 ·

190 1126 220 1166 se
232 1125 299 1165 cum
311 1107 477 1166 comederet
491 1123 643 1182 nunquam
653 1106 745 1164 liben·
785 1105 888 1165 Martis
910 1106 1061 1183 effugisset
1077 1107 1290 1166 contumeliose
1309 1106 1340 1164 in

182 1189 245 1246 tius
258 1187 424 1264 epulatum
443 1205 532 1262 quem
546 1205 660 1245 morem
673 1187 744 1245 Lin·
785 1187 882 1264 ipsum
903 1188 1020 1248 inuecta
1040 1198 1093 1260 est,
1115 1207 1151 1247 ex
1176 1206 1237 1265 quo
1258 1186 1341 1246 Mars

180 1270 233 1328 -dii
243 1278 433 1328 seruauerunt
444 1268 652 1327 maledicentes
667 1269 742 1343 deo;
784 1279 951 1328 commotus
974 1268 1089 1328 Ibicum
1112 1281 1206 1328 morte
1233 1269 1341 1339 affecit,

180 1369 263 1427 <quae
283 1369 373 1421 sacra,
388 1369 456 1409 cum
476 1367 537 1408 uno
557 1367 638 1407 anno
656 1351 743 1409 inter·
783 1350 831 1408 illa
845 1368 915 1427 prae
934 1351 1036 1409 dolore
1055 1369 1073 1409 a
1092 1350 1216 1427 scopulo
1238 1368 1269 1409 se
1287 1349 1340 1409 de-

189 1433 343 1501 misissent,
364 1431 443 1490 furor
466 1431 675 1508 praecipitandi
700 1431 743 1489 in·
783 1431 888 1490 misit*
933 1430 1000 1492 Caa'.
1016 1430 1178 1510 Salaagm't'.

182 1515 295 1572 missus
309 1523 352 1572 est
367 1512 480 1571 Lindiz's
494 1513 663 1588 uirginibus.
702 1513 741 1572 P.

231 1608 298 1668 501.
339 1595 423 1653 Feta
467 1594 529 1652 tibi
575 1604 742 1653 occurrat.
825 1594 1019 1671 †Paphageus
1033 1594 1171 1670 Epirotes
1185 1612 1253 1654 cum
1267 1594 1344 1671 Ατο-ι

191 1675 281 1734 *Feta
301 1675 403 1735 leaena
422 1675 609 1751 †Paphaga
603 1695 633 1733 in
654 1677 744 1752 patris
785 1675 932 1734 brachiam
944 1675 1187 1734 obsideretexiuit
1201 1685 1340 1734 uenatum

189 1775 261 1832 agro
290 1775 447 1816 occurrens
476 1774 545 1816 eum
580 1756 742 1817 deuorauit.
785 1766 814 1815 et
824 1756 942 1816 leaenae
954 1758 1084 1817 catulum
1094 1757 1196 1816 tacitus
1207 1756 1339 1828 sustulit

184 1838 228 1898 G.
786 1856 874 1913 quem
910 1848 1068 1898 consecuta
1104 1838 1208 1897 leaena
1245 1839 1341 1897 uirum

228 1919 405 1996 †Paphagus
426 1919 560 1995 Epirotes
582 1938 650 1978 cum
673 1919 744 1977 Am·
785 1921 970 1979 membratim
984 1919 1110 1980 laniauit.
1154 1919 1182 1981 C
1194 1919 1301 1978 etAsk.

189 2001 336 2060 brachiam
347 2001 493 2060 obsideret
504 2001 594 2060 exiuit
604 2011 745 2060 uenatum

180 2095 218 2141 ¹·et
245 2083 364 2142 leaenae
392 2082 520 2141 catulum
547 2093 649 2141 nactus
675 2084 743 2141 sub-

181 2164 283 2222 ·stulit:
309 2164 355 2222 cui
375 2164 478 2223 leaena
493 2181 649 2223 occurrens
668 2164 743 2224 lace-

182 2247 261 2304 rauit
274 2262 351 2304 eum.
391 2245 429 2303 P.

232 2340 299 2400 503.
335 2326 472 2403 Quique
513 2325 740 2402 Lycurgiden.
824 2328 961 2388 Ancaeus
986 2327 1103 2404 Licurgi
1121 2327 1202 2387 'lilius
1223 2347 1241 2386 a
1263 2327 1327 2386 Call

189 2408 327 2467 Ancaeus
348 2408 422 2468 filius
442 2408 557 2484 Licurgi
578 2418 606 2466 et
627 2407 741 2468 Adonis
783 2410 873 2468 donio
888 2428 959 2486 apro
975 2409 1141 2485 interfectus
1155 2419 1207 2468 est.
1248 2409 1288 2467 P.

184 2490 264 2547 ssfilius
280 2489 397 2561 Minae,
412 2491 442 2547 in
456 2491 590 2548 arborem
605 2499 741 2560 mutatae,
823 2492 907 2550 Idem
931 2492 1020 2550 etiam
1044 2510 1113 2568 aper
1133 2487 1355 2570 (Calydonius),

189 2581 218 2629 et
236 2571 369 2642 Cinarae,
384 2580 413 2628 et
426 2569 539 2629 ldmon
560 2571 745 2630 audacissimi
785 2573 936 2631 Ancaeum
972 2573 1145 2648 Licurgiden
1182 2571 1341 2631 Arcadsum

189 2651 305 2710 fuerunt
319 2662 472 2711 uenatores
487 2662 515 2711 et
530 2653 567 2710 ab
588 2653 664 2728 apris
678 2671 744 2728 per·
777 2654 840 2711 sibi
854 2673 923 2712 curn
938 2655 1058 2730 bipenni
1072 2664 1274 2713 occurrentem
1286 2672 1341 2713 oc-

189 2734 290 2792 ierunt.
336 2732 373 2792 G.
785 2735 863 2794 cidit.
905 2734 1002 2793 Mure.
1015 2755 1039 2793 s.
1054 2753 1081 2794 a.
1096 2734 1238 2793 Ythmon.
1333 2801 1334 2804 Ἴ

231 2829 299 2889 5ο5.
335 2816 439 2890 Isque
473 2814 528 2874 uel
564 2814 742 2874 exanimis.
825 2815 914 2893 Apud
928 2815 1064 2879 †Cariam
1083 2815 1136 2874 fuit
1155 2816 1275 2892 quidam
1288 2834 1341 2874 ue·

189 2895 291 2955 Thoas
306 2897 424 2973 quidam
439 2906 563 2955 uenator
576 2907 666 2973 caput
680 2896 743 2972 apri
784 2907 877 2970 nator,
899 2896 1011 2956 Thoon
1032 2898 1161 2969 nomine,
1182 2898 1233 2974 qui
1251 2907 1341 2974 caput

189 3078 326 3131 nentesC
412 3074 453 3146 se]
473 3078 563 3132 om.C
610 3144 613 3152 ¹
648 3077 714 3129 lindi
733 3078 902 3130 execratoris
918 3081 943 3130 P
1032 3077 1098 3130 lindi
1113 3082 1138 3131 P
1230 3075 1340 3136 amate

189 3148 312 3201 dicentes
324 3151 348 3200 P
411 3150 509 3201 Eadem
522 3149 687 3201 habetMure
700 3148 779 3200 Lidie
792 3148 910 3215 uirgines
923 3148 1003 3200 nimis
1014 3153 1079 3216 pote
1091 3148 1246 3214 sugestione
1258 3149 1339 3202 bachi

190 3220 233 3272 cui
250 3219 373 3272 fecerant
392 3220 519 3272 conuiuia
533 3218 694 3289 (iconuitia)
709 3219 744 3271 de
761 3224 857 3271 monte
875 3235 904 3272 se
923 3219 1147 3287 praecipitabant.
1183 3220 1263 3272 aliter
1275 3220 1340 3272 her-

190 3291 264 3343 cules
284 3289 425 3343 cuiusdam
445 3290 612 3343 execratoris
637 3295 747 3358 raptum
768 3289 870 3342 bouem
891 3289 993 3343 occidit
1014 3290 1145 3343 comedit.
1199 3289 1293 3343 dicens
1309 3305 1339 3343 se

189 3376 329 3428 nunquam
342 3361 438 3413 melius
450 3361 590 3428 epulatum
603 3377 686 3428 quem
704 3375 810 3412 morem
830 3360 876 3413 lidi
892 3360 919 3412 id
932 3366 975 3414 est
987 3359 1110 3413 homines
1122 3360 1158 3414 de
1170 3360 1233 3413 lidia
1245 3377 1339 3414 serua-

189 3437 288 3484 uerant
307 3437 336 3484 et
356 3429 422 3500 (ici)
441 3432 637 3484 maledicentes
656 3430 710 3484 deo
728 3447 784 3483 uno
802 3447 875 3484 anno
894 3431 1047 3484 intermisso
1065 3431 1143 3484 furor
1159 3431 1340 3499 precipitandi

189 3501 314 3554 obiectus
326 3508 368 3554 est
381 3502 530 3568 uirginibus
542 3507 572 3554 et
584 3502 709 3554 inmissus
762 3502 879 3555 Historia
891 3512 964 3554 extat
976 3514 1017 3571 ap.
1031 3503 1121 3555 Canon.
1135 3520 1175 3568 11,
1185 3504 1261 3556 Lacr.
1271 3506 1293 3555 1.
1305 3519 1336 3554 21

190 3573 254 3627 unde
265 3573 380 3625 aratoris
394 3571 530 3642 (ἀροτῆρος
542 3570 657 3640 Aradios)
671 3575 779 3627 restitui.
815 3573 862 3624 Aa
874 3575 917 3625 has
931 3591 1018 3626 uersus
1031 3574 1118 3626 Ouidii
1125 3576 1245 3640 fortasse
1257 3593 1285 3626 re
1297 3593 1339 3627 er·

189 3644 278 3696 endum
289 3655 347 3697 erat
350 3645 458 3712 fragm.
472 3643 670 3709 Callimacheran
685 3642 770 3712 (anon.
782 3642 845 3712 281)
856 3646 953 3711 Κοῦροι
964 3643 1081 3712 πετράων
1090 3645 1183 3712 ἤριπον
1194 3643 1225 3709 ἐξ
1237 3643 1341 3698 ὑπάτων

191 3712 233 3783 (0.
240 3715 386 3836 ἒεῶπεὶᾱεν.
400 3717 437 3766 ΙΙ.
445 3726 489 3783 pp.
503 3718 546 3780 98,
560 3728 574 3778 7
579 3712 633 3782 59.)
671 3715 807 3783 Saluagnii
823 3716 933 3768 scholion
948 3713 1068 3776 ficticium
1086 3716 1177 3770 creda:
1200 3733 1248 3767 non
1265 3726 1339 3768 extat

189 3787 240 3838 ine
259 3787 367 3838 .Paris.
383 3800 459 3849 1573.

226 3872 286 3919 501.
305 3854 489 3907 ambrachiam
507 3855 554 3909 PG
622 3854 751 3909 tacituG
819 3856 919 3910 Eadem
930 3856 1064 3924 ap.Mure
1080 3856 1131 3909 nisi
1147 3855 1213 3924 quod
1225 3858 1340 3926 Pegasus

190 3927 230 3979 uel
241 3930 367 3995 Pegaseas
379 3927 482 3980 dicitur.
1109 3991 1114 3997 ἱ

227 4014 287 4061 503.
305 3997 438 4062 ligurgiG
495 4002 607 4048 anteum
620 3995 780 4063 ligurgidem
793 3995 957 4049 archadeum
970 3997 1048 4050 Mure
1107 3998 1181 4050 Ficta
1194 3998 1342 4052 narrantG

189 4085 246 4120 cum
263 4069 327 4122 Ask.
346 4078 370 4120 et
387 4069 440 4121 cod.
459 4068 531 4121 Sala.
603 4067 772 4134 Amephinus
789 4066 978 4135 (Amophanus
994 4064 1072 4136 Ask.)
1089 4066 1159 4119 filius
1176 4068 1340 4136 ypocoontis

188 4137 384 4259 pypomeuntos
396 4137 474 4208 Ask.)
489 4138 524 4190 de
542 4152 643 4203 genere
659 4137 764 4205 lygurgi
781 4143 897 4190 uenator
911 4138 945 4190 ab
962 4153 1030 4205 apro
1044 4138 1121 4208 (apto
1134 4136 1170 4206 C)
1187 4137 1259 4191 fuit
1252 4144 1339 4191 inten-

201 4209 313 4262 ectusG
323 4221 348 4262 et
360 4210 426 4261 Ask.
519 4208 619 4274 tangit¹
616 4207 711 4261 ¹Buten
725 4209 844 4276 Lycurgi
856 4207 939 4260 filium
957 4222 1041 4275 quem
1058 4224 1092 4260 ex
1108 4209 1206 4261 arbore
1219 4214 1340 4261 tractum

189 4294 255 4346 aper
276 4279 406 4331 lacerauit
422 4279 482 4334 cod.
500 4279 573 4334 Sala.
610 4281 676 4332 Vera
693 4279 723 4332 de
741 4281 844 4332 Ancaeo
861 4283 975 4332 seruauit
992 4280 1086 4346 Mure‚·
1110 4279 1175 4332 idem
1184 4279 1261 4344 falsa
1278 4280 1340 4332 dicis

191 4350 297 4403 ldmona
308 4370 326 4403 a
340 4350 474 4416 Calydonio
486 4362 549 4419 apro
561 4351 746 4419 interemptum.

227 4437 287 4485 505.
306 4419 436 4473 ciciditG
506 4419 651 4489 Cariam]'
642 4440 692 4474 rma
704 4420 877 4473 Lucaniam
867 4441 893 4474 m
909 4421 1143 4490 agroPosidoniati
1156 4420 1231 4474 Diod.
1246 4419 1289 4473 IV.
1305 4437 1337 4471 22

191 4495 296 4545 toonP
360 4491 513 4560 dyauamP
577 4491 725 4585 dormienti
738 4491 972 4559 caputexciditk’
1042 4489 1143 4543 italiam
1157 4491 1234 4544 Mure
1304 4489 1339 4542 ab
