3038 5010
187 402 243 457 146
586 393 933 457 COMMENTARIVS.

184 555 225 608 M.
236 553 252 608 i.
266 563 324 621 577.
365 551 423 606 Sed
441 559 538 605 tamen
557 551 585 604 in
604 551 688 605 simili
707 552 770 605 loco
790 552 826 606 de
844 552 926 606 leone
946 552 1017 607 Plut.
1038 552 1074 606 de
1093 552 1200 608 Fluuiis
1217 553 1291 608 xviii.
1306 569 1332 621 4

182 640 267 693 quem
286 623 315 677 in
333 624 480 691 Apparatu
500 620 605 676 Critico
625 621 718 687 citaui,
737 623 899 690 Apesantus
917 621 1039 690 Argiuus
1060 623 1163 678 dicitur
1181 623 1276 693 ποιμήν
1294 646 1335 680 τις

180 699 239 747 τῶν
256 693 423 763 ἐγχωρίων,
441 702 471 746 ut
490 692 659 746 uocabulum
678 691 746 745 illud
765 709 799 746 ex
817 692 919 746 eodem
937 692 1014 746 fonte
1034 701 1062 748 et
1082 692 1202 749 Ouidius
1221 703 1249 750 et
1269 695 1334 750 Plu·

182 764 296 818 tarchus
315 760 456 832 potuerint
474 761 583 829 inferre,
597 761 620 815 si
637 772 713 816 recte
726 761 834 816 conieci
848 761 895 816 hic
908 762 1059 831 legendum
1072 781 1135 820 esse
1147 764 1175 817 A
1198 771 1334 820 esanteae.

182 837 253 888 502.
278 836 468 887 Phalaeceae
486 849 523 886 an
539 832 680 900 Plzayleae
697 831 852 887 eruendum
871 831 907 887 sit
926 850 960 889 ex
978 844 1109 904 corrupto
1128 851 1161 888 co
1183 834 1258 889 icum
1276 836 1334 889 Pa-

177 904 240 975 plza
258 921 287 957 ee
305 903 442 957 incertum
460 912 511 956 est.
552 901 691 957 Fabulam
711 912 857 957 seruarunt
876 902 1071 959 scholiastae:
1096 921 1201 959 nomen
1222 905 1334 961 diuerse

181 985 225 1029 tra
246 985 308 1028 itur.
327 973 487 1028 Antoninus
501 972 637 1027 Liberalis
650 972 697 1042 qui
712 972 849 1028 Nicandri
863 974 1110 1043 Metamorphoses
1123 983 1151 1030 et
1163 975 1335 1031 Athanadae

182 1043 353 1099 Ambracica
371 1053 484 1098 secutus
503 1052 555 1112 est,
569 1043 740 1098 Phalaecum
759 1044 882 1113 appellat
901 1045 971 1099 Met.
985 1044 1019 1098 iv.
1050 1042 1175 1115 Ἀρτεμις
1192 1045 1221 1099 δέ
1238 1047 1269 1099 τὸ
1287 1047 1335 1114 μὲν

182 1117 264 1169 νεῖκος
281 1114 406 1168 κατέπαυε
423 1115 453 1167 τδ
471 1114 536 1182 πρὸς
551 1114 596 1167 τὸν
608 1110 769 1179 Ἀπόλλωνα,
787 1111 848 1183 παρ’
864 1114 968 1168 έκόντος
986 1111 1008 1167 δ’
1024 1112 1098 1182 ήξίου
1114 1115 1160 1182 τήν
1173 1113 1335 1184 Ἀμβρακίαν

181 1186 260 1255 ἔχειν·
279 1184 400 1254 έφίεσθαι
411 1184 462 1254 γάρ
474 1185 519 1251 τῆς
529 1185 631 1238 πόλεως
648 1184 712 1238 κατὰ
729 1185 865 1253 πρόφασιν
877 1181 1003 1252 τοιαότην·
1029 1184 1072 1239 ὅτε
1085 1186 1213 1241 Φάλαικος
1227 1185 1333 1254 ε’τυράν-

180 1277 237 1309 νευε
249 1256 294 1322 τῆς
305 1256 414 1317 πόλεως,
423 1255 525 1309 οὐδενός
536 1253 613 1308 αὐτόν
625 1253 765 1322 δυναμένου
776 1255 840 1307 κατά
852 1252 910 1309 δέος
921 1253 1096 1346 ἀνελεῖνγαῦτή
1109 1260 1286 1326 κυνηγετοῦντι
1297 1255 1335 1327 τῷ

183 1327 301 1396 Φαλαίκῳ
313 1325 444 1416 προφήναι
457 1321 570 1392 σκύμνον
586 1323 700 1390 λέοντος,
712 1325 887 1386 ἀναλαβόντος
905 1323 933 1377 δέ
951 1324 987 1380 εἷς
1002 1346 1048 1380 τας
1060 1325 1294 1412 χεῖραςγέκδραμεῖν
1305 1326 1335 1380 έκ
1416 1355 1422 1380 ι

180 1397 227 1463 τῆς
238 1395 303 1462 ὕλης
313 1417 359 1463 την
371 1393 476 1465 μητέρα,
490 1396 531 1448 καὶ
541 1397 748 1463 προσπεσοῦσαν
760 1392 900 1485 ἀνοργόήξαι
911 1396 944 1448 τὰ
956 1394 1051 1464 στέρνα
1063 1400 1110 1450 τοῦ
1122 1396 1264 1465 Φαλαίκου,
1274 1396 1335 1453 τοὺς

182 1464 205 1519 δ’
223 1464 416 1536 Ἀμβρακιώτας
433 1465 593 1535 έκφυγόντας
610 1465 656 1532 τήν
677 1464 796 1518 δουλείαν
826 1471 937 1534 Αρτεμιν
954 1462 1099 1536 Ἡγεμόνην
1120 1466 1273 1533 ἱλάσασθαι,
1292 1467 1334 1521 καὶ

181 1534 371 1602 ποιησαμένους
381 1534 521 1605 ἀγροτέρης
533 1532 642 1600 εἴκασμα
653 1533 873 1605 παραστήσασθαι
886 1535 997 1604 χάλκεον
1009 1535 1077 1607 αὐτῷ
1090 1536 1163 1603 θήρα.
1197 1536 1334 1592 Aelianus

185 1608 223 1660 H.
237 1608 272 1660 A.
284 1604 330 1661 xii.
343 1620 379 1672 40
392 1606 531 1673 Phaylum
542 1605 678 1660 nominat.
771 1608 842 1660 503.
860 1607 942 1666 Qiri.
957 1647 963 1660 .
978 1622 1054 1670 aper
1065 1606 1130 1661 talis
1143 1623 1219 1676 aper,
1232 1607 1333 1677 qualis.

183 1677 335 1731 Notandus
348 1675 395 1730 hic
406 1692 474 1730 usus
487 1674 605 1731 relatiui.
643 1675 691 1730 Sic
703 1692 758 1744 quo
770 1676 833 1729 orbe
847 1677 905 1744 588.
973 1679 1173 1742 Lycurgiden
1185 1678 1334 1732 Ancaeum

181 1748 376 1815 Argonautam
388 1747 433 1800 τδν
445 1746 491 1815 μέν
502 1744 536 1815 ῥα
546 1745 630 1814 πατήρ
644 1749 789 1815 Λυκόοργος
800 1746 896 1812 ἔπεμπε
909 1748 961 1815 Ap.
974 1748 1007 1801 R.
1022 1746 1038 1801 i.
1053 1747 1115 1814 164:
1136 1748 1212 1816 Hyg.
1227 1762 1259 1814 14
1270 1748 1334 1802 An·

180 1833 262 1872 caeos
273 1817 401 1887 Lycurgi
402 1818 494 1887 filius,
508 1817 563 1869 alii
572 1833 607 1869 ne
627 1821 697 1870 otem
709 1816 815 1882 dicunt,
832 1817 968 1886 Tegeates,
982 1817 1015 1871 cf.
1030 1818 1087 1884 138.
1122 1818 1201 1872 Grat.
1216 1820 1286 1886 Cyn.
1298 1818 1335 1872 66

171 1888 230 1956 flet
240 1887 333 1941 adltuc
347 1893 375 1940 et
386 1891 476 1957 porro
484 1887 569 1957 stelit
610 1887 697 1940 donin
715 1887 793 1941 Victa
811 1887 901 1939 Venus
916 1888 1065 1956 ceciditque
1080 1887 1141 1940 suis
1152 1887 1285 1942 Ancaeus
1302 1889 1335 1942 in

182 1959 272 2011 armis
289 1958 325 2012 Vt
330 1958 501 2028 proedeaier
509 1962 572 2011 erat
580 1958 758 2026 geminisque
768 1957 909 2012 secum'bus
920 1959 1025 2027 ingens.
1064 1957 1121 2011 Hic
1138 1974 1183 2027 ap.
1198 1957 1334 2012 Ouidium

184 2030 224 2082 M.
243 2027 298 2082 viii.
317 2043 366 2096 391
388 2028 545 2097 bipennifer
560 2027 655 2081 Arcas
673 2026 770 2092 audit;
795 2044 812 2081 a
835 2027 991 2094 Calydonio
1010 2043 1079 2096 apro
1098 2026 1261 2082 interfectus
1280 2038 1333 2084 est.

182 2098 360 2168 Lycurgiden
380 2097 550 2221 iqrroducta
571 2095 691 2150 Ouidius
713 2096 860 2166 scripsisse
883 2108 998 2166 propter
1022 2107 1170 2152 accentum
1192 2100 1333 2153 Graecum

182 2176 283 2235 Λνκουρ
303 2167 358 2234 ι’δης
376 2166 407 2220 u'r
426 2177 487 2221 etur
507 2166 596 2220 Birtio
618 2167 654 2221 de
676 2166 843 2221 Halieuticis
863 2183 890 2235 p.
911 2167 968 2233 116,
989 2166 1036 2236 qui
1058 2177 1204 2237 comparat
1222 2169 1334 2223 Belides

177 2189 332 2307 pompilos,
343 2237 444 2306 quibus
458 2237 669 2291 adcensendum
682 2248 725 2291 est
737 2237 894 2304 Coronides,
904 2236 958 2291 nisi
972 2238 1026 2291 hoc
1039 2255 1057 2292 a
1068 2238 1208 2292 Coroneus
1216 2238 1333 2293 ductum

182 2317 232 2362 est.
305 2310 425 2361 letaldi.
463 2308 503 2360 M.
517 2306 572 2360 viii.
586 2321 640 2373 400
658 2309 778 2360 Summa
787 2308 874 2375 ferus
886 2309 1015 2377 geminos
1032 2309 1139 2364 direxit
1155 2309 1197 2362 ad
1210 2311 1334 2380 inguina

180 2378 281 2432 dentes.
320 2377 449 2432 Concedit
463 2377 603 2444 Ancaeus,
617 2377 830 2447 glomerataque
850 2379 989 2447 sanguine
1009 2379 1099 2432 multo
1121 2379 1231 2432 Viscera
1251 2380 1334 2449 lapsa

170 2448 284 2516 fluunt,
299 2447 507 2516 madefactaque
524 2453 602 2500 terra
618 2463 715 2500 cruore
728 2453 776 2501 est.
812 2448 913 2501 Letare
924 2447 1013 2501 rarius
1031 2446 1179 2516 inuenitur,
1194 2451 1235 2503 M.
1247 2449 1284 2504 iii.
1301 2461 1332 2518 55

180 2518 323 2587 letataque
334 2521 452 2587 corpora
463 2518 546 2571 uidit.
584 2516 740 2571 Pausanias
750 2516 806 2571 viii.
815 2529 848 2586 45
864 2517 930 2571 dicit
941 2520 1054 2586 Tegeae
1067 2518 1096 2572 in
1108 2518 1222 2587 fastigio
1234 2519 1332 2589 templi

122 2651 125 2657 ἢ
181 2588 310 2642 Athenes
323 2589 412 2642 Aleae
430 2587 600 2678 insculptam
616 2587 703 2641 fuisse
720 2587 901 2641 uenationem
920 2588 1087 2657 Calydonii;
1109 2588 1138 2642 in
1157 2589 1201 2643 his
1213 2587 1334 2658 Ἀγκαῖον

181 2658 275 2728 έχοντα
287 2658 333 2724 ἤδη
346 2657 477 2726 τραύματα
490 2678 530 2710 και
542 2656 641 2727 ἀφέντα
652 2658 698 2711 τὸν
709 2658 820 2712 πελεκυν
830 2656 929 2725 ἀνέχων
940 2655 1147 2728 ε’στινἘποχος.
1220 2664 1333 2715 arbore

181 2735 293 2783 natum
304 2726 427 2796 Adonin,
438 2727 525 2782 filium
539 2729 676 2796 Smyrnae
690 2744 762 2797 quae
770 2730 856 2797 patre
867 2729 1001 2781 nesciente
1011 2732 1067 2798 per
1077 2730 1215 2783 nutricem
1227 2747 1290 2784 cum
1302 2747 1333 2784 eo

181 2800 334 2866 concubuit,
344 2815 442 2867 ecquo
451 2800 592 2868 concepit;
602 2799 686 2867 idque
694 2815 729 2851 ne
736 2798 926 2868 palomfieret
933 2799 1043 2867 pudore
1051 2800 1201 2854 stimulata
1209 2800 1241 2853 in
1249 2801 1333 2854 siluc's

181 2887 210 2923 se
221 2869 335 2923 abdidit.
372 2870 454 2923 cuius
470 2869 560 2922 Venus
571 2872 670 2938 postea
682 2868 797 2922 mrsnta
808 2872 887 2921 estet
897 2869 929 2921 in
941 2871 1056 2938 speciem
1068 2869 1178 2924 arbom's
1188 2887 1250 2923 eam
1261 2887 1332 2925 com-

181 2941 315 3008 mutauit,
327 2940 402 2993 uredo
413 2939 613 3008 myrrleastuit,
626 2956 663 2991 eu
672 2955 730 3007 qua
741 2944 826 2991 natus
837 2942 879 2991 est
889 2937 1008 3007 Adonis,
1020 2940 1074 3008 qui
1085 2940 1188 2993 matm's
1196 2943 1303 3010 poenm
1314 2959 1334 2995 a

186 3011 288 3064 Venere
299 3014 341 3063 est
350 3011 491 3063 insecutus
505 3011 580 3078 Hyg.
595 3010 635 3077 58.
673 3007 746 3062 Bion
759 3007 823 3062 Eid.
838 3007 855 3062 i.
870 3020 885 3074 7
900 3010 985 3060 Κεῖται
999 3009 1077 3063 καλὸς
1087 3006 1198 3065 Ἀδωνις
1214 3010 1242 3064 έν
1253 3009 1333 3081 ὄρεσι

182 3082 263 3149 μηρὸν
275 3078 370 3143 ὀδόντι,
384 3083 470 3160 Λευκφ
486 3083 567 3148 μηρὸν
578 3077 664 3132 ὀδόντι
679 3076 772 3133 τυπείς.
844 3081 916 3133 504.
934 3081 1069 3132 Idmone.
1080 3096 1145 3132 cum
1157 3079 1289 3135 Adonide
1305 3090 1333 3135 et

181 3153 299 3204 Ancaeo
312 3159 440 3204 recenset
457 3159 530 3203 mter
548 3166 597 3203 eos
616 3148 662 3218 qui
682 3149 719 3202 ab
736 3165 805 3217 apro
817 3148 943 3217 percussi
956 3147 1120 3203 interierunt
1134 3149 1265 3218 Hyginus
1280 3152 1332 3217 248

180 3221 282 3274 Idmon
294 3220 442 3290 Apollinis
451 3220 537 3289 filius
554 3220 607 3288 qui
621 3224 837 3272 stramentatum
854 3220 963 3273 emerat
979 3235 1042 3272 cum
1058 3219 1238 3290 Argonautis
1255 3221 1338 3290 opud

182 3292 288 3359 Lycum
301 3307 401 3360 regem.
437 3291 525 3343 Vates
537 3289 588 3343 fuit
598 3290 832 3358 Argonautarum,
842 3287 1018 3356 μαντοσύνῃσι
1031 3287 1185 3357 κεκασμένος
1196 3291 1249 3359 Ap.
1259 3292 1292 3344 R.
1305 3291 1334 3345 ii.

183 3362 243 3428 818,
254 3362 399 3430 fatumque
412 3359 464 3413 sibi
479 3359 535 3413 iam
548 3369 614 3414 ante
626 3367 807 3428 prospexerat
822 3356 886 3428 (Ap.
898 3359 931 3412 R.
942 3358 959 3412 i.
973 3372 1023 3424 140
1035 3358 1130 3413 δεδαὼς
1142 3360 1187 3412 τὸν
1198 3360 1240 3413 ἑὸν
1252 3362 1335 3430 μόρον

183 3431 313 3484 οἰωνοῖσιν
318 3427 390 3484 Ἢιε.
414 3432 489 3498 Hyg.
501 3444 532 3495 14
542 3430 681 3499 Quamuis
689 3430 913 3498 praedicentibus
921 3429 1023 3482 auibus
1034 3435 1151 3483 mortem
1162 3429 1219 3483 sibi
1226 3431 1333 3485 denun-

182 3503 256 3555 tian‘
272 3501 419 3567 intellem‘t,
427 3501 524 3568 fatali
543 3506 636 3552 tamen
657 3501 777 3554 militiae
797 3516 853 3553 non
874 3499 971 3567 defuit.
1012 3500 1073 3553 Val
1096 3500 1127 3554 F.
1147 3498 1165 3553 i.
1185 3500 1237 3567 360
1255 3501 1336 3556 adest

182 3573 315 3640 quamuis
327 3570 484 3625 arcentibus
494 3570 595 3623 Idmon
604 3570 632 3623 A
635 3570 751 3633 litibus,·
766 3570 816 3623 sed
824 3573 908 3639 turpe
919 3571 984 3622 uiro
996 3571 1124 3623 timuisse
1125 3570 1246 3638 sutura)
1256 3571 1334 3627 unde

183 3646 287 3695 audax
299 3640 346 3695 hic
359 3640 467 3695 dicitur.
506 3641 630 3694 Mortem
642 3639 702 3693 eius
715 3640 752 3694 ab
771 3656 841 3708 apro
858 3639 934 3708 apud
948 3639 1153 3707 Mariandynos
1170 3650 1265 3694 narrat
1277 3643 1304 3695 A
1325 3683 1332 3697 .

184 3712 219 3766 R.
232 3711 258 3765 ii.
273 3710 403 3778 817—836.
440 3709 530 3764 Aliter
542 3711 603 3764 Val.
618 3711 650 3763 F.
663 3728 689 3764 v.
703 3725 727 3778 2,
741 3723 765 3777 3,
780 3711 844 3765 Sen.
860 3709 938 3764 Med.
951 3710 1012 3778 652,
1023 3724 1047 3778 3.
1082 3716 1211 3774 rumpat
1228 3710 1236 3738 ⁴
1245 3659 1334 3767 renA³

183 3782 247 3834 Am.
267 3780 306 3834 iii.
324 3796 349 3850 9.
367 3781 399 3834 16
417 3781 454 3834 de
471 3779 604 3834 Adonide
625 3780 717 3849 Quam
735 3781 836 3834 iuueni
851 3781 934 3849 rupit
949 3797 1012 3835 cum
1028 3780 1114 3850 ferrus
1130 3782 1237 3850 inguen
1254 3785 1333 3851 aper.

183 3851 333 3905 Turnebus
352 3851 471 3905 Aduers.
492 3850 562 3905 xxiv.
583 3865 614 3903 21
637 3859 783 3919 comparat
798 3852 947 3922 frangere,
969 3848 1048 3905 utin
1072 3851 1142 3905 Hor.
1161 3852 1193 3906 C.
1210 3850 1228 3906 i.
1242 3865 1284 3919 23·
1301 3867 1335 3906 io

183 3921 251 3973 Non
263 3937 313 3991 ego
325 3926 351 3973 te
362 3922 448 3990 tigris
459 3927 493 3974 ut
504 3924 605 3989 aspera
618 3921 789 3974 Gaetulusue
800 3921 841 3974 leo
844 3922 985 3991 frangere
991 3924 1151 3990 persequor.
1260 3925 1333 3977 505.

183 3992 279 4054 Isque
297 4007 366 4059 aper
382 3994 435 4045 uel
453 3995 607 4045 exanimis
620 3989 705 4044 etiam
718 3999 844 4045 mortuus
856 3994 953 4045 meiat
970 3994 1031 4045 tibi
1048 3994 1167 4044 urlinus
1179 3990 1334 4047 incidendo

184 4059 213 4114 in
227 4070 310 4129 caput
325 4066 360 4115 ut
371 4064 420 4115 1111
432 4061 537 4116 factum
550 4070 593 4115 est
606 4061 706 4115 uulnus
721 4061 843 4130 (Dr'ager
855 4060 873 4115 i.
885 4078 933 4131 pp.
943 4076 1004 4129 203,
1018 4060 1090 4129 204).
1170 4064 1241 4118 500.
1260 4065 1333 4120 Ora.

185 4130 270 4185 Diod
292 4130 326 4185 iv.
351 4147 384 4184 22
408 4130 541 4186 Ἐντεῦθεν
565 4131 594 4185 δέ
617 4129 754 4198 ἀναζεύξας
778 4131 919 4200 κατήντησε
942 4134 987 4198 τῆς
1011 4129 1224 4185 Ποσειδωνιατῶν
1245 4134 1334 4202 χώρας

183 4202 248 4268 πρός
265 4222 321 4254 τινα
337 4201 440 4271 πέτραν,
453 4203 518 4270 πρὸς
534 4197 552 4268 ᾖ
568 4201 761 4272 μυθολογοῦσιν
776 4199 842 4255 ἴδιόν
859 4223 885 4255 τι
900 4200 1022 4271 γενέσθαι
1039 4202 1079 4254 καί
1090 4222 1126 4254 πα
1143 4201 1246 4268 άδοξον.
1282 4208 1334 4257 τῶν

183 4272 234 4361 γάρ
245 4271 378 4359 ἐγχωρίων
389 4273 445 4325 τινὰ
458 4274 565 4342 κυνηγόν
577 4271 605 4325 έν
616 4274 670 4326 τοῖς
682 4273 745 4325 κατὰ
757 4271 803 4339 τήν
812 4271 892 4341 θήραν
903 4270 1114 4342 ἀνδραγαθήμασι
1124 4223 1334 4341 διωνομασμένον

1044 4343 1088 4395 ίων
1105 4342 1151 4397 τὰς
1163 4345 1280 4412 κεφαλδς
1291 4343 1334 4397 καὶ

184 4365 213 4396 εν
225 4362 271 4412 μεν
284 4362 339 4396 τοις
354 4341 501 4411 ἔμπροσθεν
512 4344 615 4411 χρόνοις
633 4341 746 4397 εἰωθέναι
764 4347 814 4397 τῶν
826 4342 978 4412 ληφθέντων
994 4342 1042 4465 Opq>

184 4413 245 4468 τοὺς
261 4411 343 4467 πόδας
360 4411 503 4466 ἀνατιθέναι
523 4415 553 4479 τῇ
572 4410 701 4482 Ἀρτέμιδι
721 4414 762 4466 καί
781 4416 932 4482 προσηλοῦν
949 4412 1012 4468 'cois'
1039 4412 1148 4482 ένδρεσι·
1168 4415 1227 4467 τότε
1246 4412 1269 4466 δ’
1288 4412 1333 4468 οὖν

185 4484 304 4554 ὑπερφυῆ
327 4482 425 4552 κάπρον
442 4483 633 4552 χειρωσάμενον
654 4483 758 4551 καὶτῆς
781 4483 841 4538 θεοῦ
864 4482 1103 4554 καταφρονήσαντα,
1121 4483 1201 4539 εἰπεῖν
1224 4481 1264 4539 ὅτι
1287 4484 1333 4553 τήν
