3038 5010
538 376 896 447 COMMENTARIVS.
1099 474 1103 481 .
1240 389 1297 449 139

148 544 254 601 sterilis
266 561 320 613 era,
331 543 475 598 eunuchus
489 553 516 598 et
530 543 662 612 ἡμίθηλυς.
689 546 750 599 Val.
762 548 838 600 Max.
846 545 893 611 vii.
904 546 955 612 7.6
969 545 1004 600 de
1018 545 1109 600 Gallo.
1141 546 1296 601 Genucium

149 617 305 687 amputatis
313 617 362 668 sui
369 617 460 685 ipsius
468 619 565 684 sponte
572 616 747 686 genitalibus
756 619 880 687 carparis
887 617 1020 686 panibus
1032 633 1139 686 neque
1152 616 1296 670 uirorum

149 703 256 757 neque
278 685 451 739 mulierum
473 703 589 739 nurnero
608 686 706 740 baberi
721 687 815 741 debere
834 686 1002 756 [Saluagn.]‚
1021 687 1068 741 ubi
1087 689 1181 741 locum
1200 687 1296 741 Ouidii

149 759 268 811 sortasse
280 756 443 811 recordatus
457 767 506 810 est.
546 758 637 811 Closs,
650 758 730 811 Bodl.
743 759 824 812 Auct.
840 760 871 812 T.
883 757 909 811 ii.
924 773 958 824 24
970 759 1176 827 Androgyneca
1187 757 1296 811 berma-

140 828 271 899 froditus
283 828 333 881 bac
343 833 385 880 est
396 843 455 880 nec
468 827 519 880 uir
531 844 591 881 nec
604 828 729 883 mulier.
761 828 848 882 ‘That
861 830 929 882 thou
943 829 975 882 oi
983 846 1049 882 man
1061 828 1103 896 (as
1114 827 1176 882 Atis
1190 827 1249 896 did)
1260 846 1296 883 ne

149 916 216 952 man
229 915 281 951 nor
293 897 379 966 mayd
391 908 483 965 mayst
497 898 596 952 stand:
609 898 675 951 And
688 899 748 953 that
761 900 830 953 thou
842 909 951 967 mayest
964 899 1042 952 learn
1055 910 1084 952 to
1097 900 1163 968 play
1172 916 1209 952 on
1220 899 1297 952 Tim-

148 969 250 1024 brelles
263 967 329 1022 with
342 969 393 1036 thy
404 968 499 1021 hand'
534 970 568 1023 T.
578 969 766 1023 Vnderdown.
871 974 941 1025 457.
958 986 1055 1034 pecus
1067 971 1163 1023 leones
1176 970 1296 1023 famulos

151 1042 275 1108 Magnae
288 1038 393 1092 matris.
433 1039 509 1092 Hinc
521 1043 696 1106 τανροκτόνων
707 1041 819 1093 λεόντων
830 1040 940 1110 ἔφεδρος
953 1040 1054 1094 dicitur
1067 1042 1110 1094 Ge
1124 1041 1211 1109 Soph.
1225 1039 1296 1094 Phil.

149 1125 209 1176 400.
246 1109 320 1164 Vide
338 1126 383 1163 me
402 1110 440 1163 ad
454 1111 514 1164 Cat.
528 1109 593 1164 lxiii.
607 1110 648 1176 76.
720 1114 868 1175 parentis.
899 1111 970 1164 Aen.
984 1130 1008 1164 x
1023 1123 1074 1179 252
1087 1110 1177 1164 Alma
1190 1114 1297 1180 pareus

148 1182 235 1235 Idaea
246 1181 336 1248 deun
349 1181 397 1233 cui
407 1181 553 1246 Dindyma
564 1182 648 1235 cardi.
723 1184 793 1235 458.
811 1185 923 1236 Victor
936 1181 1139 1251 Hippomenes.
1210 1184 1298 1235 uicta

148 1252 290 1306 Atalanta.
329 1252 403 1318 Hyg.
421 1252 467 1319 185
487 1252 574 1305 Hanc
591 1268 654 1305 eum
675 1253 707 1305 in
724 1254 853 1322 patrnam
874 1253 984 1306 duceret
1006 1251 1235 1321 (Hippomenes),
1254 1252 1297 1304 ab·

149 1322 219 1375 bitus
235 1322 360 1392 beneficio
377 1321 489 1375 Veneris
499 1339 528 1374 se
540 1323 638 1375 uicisse
645 1329 744 1392 grates
755 1323 782 1376 ei
792 1340 849 1376 nan
860 1325 925 1394 egit.
956 1324 1033 1375 irata
1051 1323 1152 1375 Venere
1162 1323 1193 1375 in
1206 1327 1298 1375 monte

149 1394 279 1446 Parnaso
290 1409 353 1445 curn
365 1393 536 1462 sacruficaret
547 1393 614 1446 Ioui
629 1395 738 1461 uictori,
751 1395 904 1463 cupuditate
920 1395 1048 1447 incensus
1060 1409 1124 1446 cunc
1136 1393 1211 1445 eain
1221 1392 1297 1461 fano

149 1463 300 1517 concubuit.
320 1464 525 1533 quosluppuer
532 1463 564 1516 ab
571 1464 605 1516 id
601 1464 716 1533 factum
724 1466 755 1518 in
764 1465 869 1518 leauern
877 1470 904 1517 et
911 1465 983 1517 leam
992 1464 1138 1531 conuertit,
1148 1463 1248 1531 quibus
1254 1463 1300 1516 a'ii

149 1534 322 1588 concubitum
335 1534 447 1586 Veneris
453 1535 599 1604 denegant.
619 1535 700 1588 Idem
711 1534 888 1602 sacrilegium
897 1535 1053 1589 Comaetho
1062 1544 1089 1588 et
1101 1532 1297 1602 Melanippum

150 1603 179 1658 in
196 1605 302 1673 templo
316 1603 428 1658 Dianae
441 1604 593 1658 Triclariae
609 1605 710 1659 fecisse
727 1605 812 1659 tradit
830 1604 985 1659 Pausanias
1002 1603 1047 1658 vii.
1065 1619 1104 1672 19.
1122 1619 1145 1657 2.
1218 1607 1297 1667 pede

150 1675 314 1728 struendum
333 1691 398 1728 cum
415 1670 519 1729 tuebor
539 1679 685 1739 metaque
708 1677 735 1730 h.
749 1693 773 1730 e.
794 1675 841 1745 qui
863 1674 929 1730 uicit
953 1675 1059 1744 pedum
1080 1672 1245 1744 pernicitate
1268 1684 1296 1728 et

150 1762 185 1799 ea
197 1762 282 1815 quarn
295 1744 335 1798 sic
349 1744 423 1799 uicit.
486 1748 555 1799 459.
571 1747 682 1800 Eadem
695 1763 780 1815 supra
792 1760 852 1815 335,
862 1746 887 1800 6.
926 1748 997 1800 Rem
1010 1755 1125 1799 narrant
1138 1744 1296 1799 Aeschines

75 1831 82 1841 ·
150 1816 363 1883 Timarch.182‚
378 1815 546 1870 Heraclides
560 1816 694 1871 Ponticus
707 1820 797 1871 Πολιτ.
812 1818 844 1870 ir.
857 1832 882 1884 3,
897 1816 981 1870 Diod.
992 1815 1048 1870 viii.
1062 1830 1104 1883 24,
1118 1816 1244 1884 Apostol.
1260 1814 1294 1870 ix

150 1899 175 1954 7,
188 1886 240 1939 xiv.
256 1901 294 1953 10,
312 1885 432 1955 Diogen.
446 1886 483 1941 iii.
501 1902 522 1955 1,
535 1888 634 1941 Arsen.
648 1887 718 1941 xxxi.
734 1900 775 1956 53,
792 1887 927 1941 Nicolaus
943 1889 1076 1940 Damasc.
1090 1887 1121 1939 ir.
1138 1898 1167 1954 51
1185 1887 1295 1954 Miiller,

150 1956 254 2011 Suidas
273 1955 496 2025 5.11.Ἰππομένης
514 1967 542 2011 et
559 1959 699 2025 πάριππον.
737 1959 830 2013 Schol.
847 1957 979 2012 Aeschin.
997 1956 1139 2010 Timarch.
1155 1957 1203 2009 281
1225 1956 1296 2010 haec

150 2027 218 2082 dicit
230 2025 379 2095 Ἰππομέυης
397 2027 447 2081 ἀπὸ
460 2028 563 2096 Κοδροῦ
580 2031 757 2097 καταγόμενος·
772 2028 786 2095 η
800 2029 828 2081 δέ
843 2028 955 2099 θυγάτηρ
969 2028 1098 2095 Λειμωνίς·
1117 2024 1183 2079 οὕτω
1197 2027 1296 2079 Καλλί-

150 2119 240 2167 μαχος.
276 2101 408 2152 Limone
429 2097 469 2152 sic
491 2108 593 2152 uocata
614 2109 657 2153 est
678 2116 722 2169 ap.
744 2098 888 2154 Heraclid.
908 2100 989 2153 Pont.
1008 2098 1039 2153 fr.
1060 2112 1094 2165 3:
1121 2096 1295 2151 Callimacho

152 2167 284 2222 Limonis.
356 2185 397 2222 ne
409 2172 544 2224 senserit
555 2187 620 2223 cum
632 2180 662 2224 tu
675 2180 739 2239 post
754 2187 818 2224 eam
835 2169 874 2224 sis
891 2169 967 2224 idern
984 2185 1125 2223 sensurus.
1198 2171 1295 2223 illam.

153 2240 186 2292 In
199 2239 378 2308 prouerbium
391 2239 498 2294 abierat
511 2238 675 2307 Ἱππομένους
687 2239 872 2311 ἀσεβέστερος.
984 2242 1053 2294 460.
1073 2243 1182 2303 carpat
1200 2238 1295 2292 laniet.

150 2311 251 2364 Aesch.
266 2309 338 2364 Tim.
356 2311 404 2363 182
417 2309 493 2380 Ἀνὴρ
512 2307 548 2367 εἷς
565 2316 615 2364 τῶν
630 2312 744 2365 πολιτῶν
759 2311 840 2381 εὑρὼν
854 2310 900 2378 τὴν
918 2311 1008 2364 ἑαυτοῦ
1026 2309 1154 2379 θυγατέρα
1173 2309 1296 2378 διεφθαρ-

150 2381 226 2448 μένην
244 2380 347 2448 κοίτην
365 2378 463 2446 ἡλικίαν
482 2382 511 2434 οὗ
529 2383 613 2436 καλῶς
631 2381 832 2450 διαφυλάξασαν
848 2382 926 2452 μεχρὶ
943 2382 1035 2451 γόμου,
1053 2379 1297 2452 ἐγκατῳκοδόμησεν

150 2450 228 2518 αὐτὴν
250 2447 307 2518 μεθ’
329 2447 409 2505 ίππου
433 2452 469 2507 είς
492 2452 586 2521 ἔρημον
610 2451 698 2519 οἰκίαν,
723 2450 769 2522 ὑφ’
793 2450 823 2504 οὗ
846 2452 983 2520 προδηλως
1009 2452 1117 2516 ἔμελλεν
1142 2449 1297 2504 ἀπολεῖσθαι

151 2520 192 2572 διὰ
213 2522 290 2589 λιμὸν
310 2520 537 2592 συγκαθειργμένη.
678 2526 743 2576 461.
764 2526 978 2577 Cassandreus
1002 2520 1128 2592 quisquis
1153 2531 1196 2575 est
1220 2519 1296 2574 idern

150 2589 261 2646 uidetur
273 2609 336 2646 esse
349 2591 469 2661 quicum
477 2592 638 2647 Alexandro
647 2594 835 2647 Pheraeorum
846 2604 965 2662 tyranno
978 2592 1101 2660 iungitur
1107 2593 1186 2645 Pont.
1196 2590 1222 2644 ii.
1232 2605 1296 2660 9.43

149 2663 217 2714 Nan
238 2663 292 2716 tibi
312 2663 501 2717 Cassandreus
520 2667 607 2732 pater
627 2669 668 2717 est
688 2666 817 2734 gentisne
836 2664 978 2717 Pheraeae
1015 2664 1107 2733 Quiue
1130 2667 1297 2731 repertorem

149 2735 257 2786 torruit
273 2738 335 2786 arte
352 2750 411 2787 sua.
449 2733 605 2803 Vtrobique
619 2735 795 2789 Cassandrus
811 2733 840 2787 in
859 2734 973 2804 optimis
992 2733 1073 2787 codd.
1091 2733 1226 2801 scriptum
1245 2741 1296 2786 est.

151 2803 209 2856 Sed
229 2804 416 2870 CassandruS,
433 2820 605 2874 quamquam
624 2805 817 2859 crudelissime
835 2804 935 2859 saeuiit
952 2804 981 2858 in
1001 2804 1117 2857 domurn
1135 2801 1296 2870 Alexandri,

150 2875 258 2941 morbo,
267 2890 325 2927 non
335 2873 372 2942 ui,
383 2875 536 2928 exstinctus
544 2885 595 2943 est,
606 2875 723 2940 ἐπλήσθη
736 2877 786 2945 γὰρ
798 2875 889 2946 ὑδέρῳ,
900 2876 940 2927 καὶ
952 2875 996 2928 ἀπ’
1004 2875 1081 2926 αὐτοῦ
1094 2875 1166 2938 ζῶντι
1178 2873 1297 2942 ε’γένοντο

151 2944 223 2996 εὐλαί
236 2944 330 3011 (Paus
344 2945 378 2998 ix.
394 2957 418 3011 7.
432 2944 460 3011 2)
499 2945 634 2999 Heinsius
648 2946 685 3000 ad
699 2947 779 3000 Pont.
793 2945 819 2999 ii.
834 2960 859 3014 9.
871 2960 906 3013 43
922 2945 1111 2999 Cassandreus
1128 2953 1155 2997 et
1168 2941 1206 2996 ibi
1224 2952 1252 2996 et
1268 2942 1296 2995 in

151 3014 205 3067 hoc
220 3013 308 3068 Ibidis
324 3015 387 3069 loco
403 3015 479 3084 legit,
492 3016 569 3085 quod
584 3016 782 3086 interpretatur
799 3016 834 3070 de
849 3015 1029 3084 Apollodoro,
1042 3024 1162 3082 tyranno
1176 3015 1297 3067 Cassan·

151 3085 244 3153 dreae,
264 3085 311 3155 qui
330 3095 476 3155 tamquam
496 3086 705 3140 crudelissimus
724 3104 788 3141 cum
808 3086 958 3140 Phalaride
977 3095 1005 3139 et
1026 3084 1202 3152 Hieronymo
1220 3083 1297 3152 apud

152 3156 249 3224 Polyb.
267 3155 312 3210 vii.
332 3168 357 3223 7,
377 3173 440 3210 curn
461 3156 599 3226 Dionysio
620 3157 734 3212 Nabide
754 3158 891 3211 Clearcho
912 3173 957 3226 ap.
977 3155 1085 3209 Aelian.
1107 3156 1143 3208 H.
1160 3155 1193 3207 A.
1210 3171 1235 3207 v.
1257 3165 1296 3220 15,

151 3242 215 3278 cum
224 3226 373 3279 Phalaride
386 3244 429 3296 ap.
443 3228 581 3281 Senecam
595 3227 689 3299 deIra
701 3227 728 3282 ii.
741 3239 763 3296 5,
777 3228 813 3282 de
828 3228 923 3281 Benef.
937 3226 983 3281 vii.
997 3241 1036 3293 19,
1051 3225 1109 3278 Cic.
1120 3224 1156 3278 de
1167 3226 1194 3277 N
1198 3226 1248 3278 .D.
1258 3223 1295 3276 iii.

78 3356 86 3367 ,
151 3310 192 3363 33.
207 3297 240 3349 82
259 3307 428 3351 numeratur.
468 3298 510 3352 Cf.
525 3299 657 3366 Polyaen.
670 3298 705 3352 vi.
720 3311 744 3366 7,
765 3298 849 3353 Diod.
864 3297 927 3352 xxii.
943 3310 965 3366 5,
986 3297 1057 3350 Plut.
1070 3296 1107 3349 de
1127 3296 1196 3349 Sera
1210 3296 1297 3347 Num.

150 3366 235 3421 Vind.
254 3367 281 3420 xi
304 3368 328 3419 oi
353 3367 556 3423 καταθύοντες
579 3368 756 3438 ἀνθρώπους
779 3369 824 3424 έπλ
845 3369 978 3437 τυραννίσι
1003 3367 1044 3420 καὶ
1069 3364 1242 3433 συνωμοσίαις
1263 3364 1297 3419 ὣς

150 3433 367 3506 Ἀπολλόδωροςς
403 3455 470 3492 nam
494 3439 683 3507 Apollodorus
713 3439 921 3494 firmamentum
949 3435 1105 3506 tyrannidis
1132 3435 1297 3490 Callimelen

151 3504 282 3561 iuuenem
300 3507 344 3562 dis
363 3507 522 3563 immolarat
540 3509 656 3579 eiusque
675 3509 791 3578 uiscera,
808 3509 891 3564 simul
909 3507 1075 3577 sanguinem
1094 3505 1160 3560 uino
1178 3504 1296 3559 mixtum

150 3577 360 3632 coniurantibus
370 3597 466 3633 secum
475 3579 661 3634 hauriendum
674 3580 821 3647 obtulerat,
832 3597 888 3650 quo
900 3579 990 3648 magis
1004 3577 1057 3632 sibi
1068 3577 1139 3630 fidos
1149 3575 1297 3630 adtineret.

151 3651 365 3704 Cassandreus
375 3660 417 3704 est
430 3653 444 3702 ὁ
458 3638 651 3720 Κασσανδρεός,
661 3668 717 3721 quo
730 3651 844 3704 nomine
854 3650 965 3705 uidetur
978 3649 1069 3703 dictus
1082 3665 1099 3701 a
1110 3648 1253 3727 Polyaeno
1261 3645 1297 3727 υἱ.

152 3731 183 3785 7:
202 3719 237 3773 cs.
247 3720 308 3774 Ael.
321 3722 357 3774 H.
369 3722 403 3775 A.
414 3739 439 3774 v.
454 3733 482 3789 15
497 3722 541 3773 τὸν
555 3721 747 3790 Κασσανδρέων
758 3723 896 3789 λευστῆρα.
935 3720 991 3774 Hic
1004 3737 1060 3790 qua
1072 3728 1163 3772 morte
1175 3726 1297 3786 perient,

150 3804 208 3842 non
227 3799 357 3845 constat:
376 3808 444 3844 nam
462 3809 496 3845 ex
514 3790 656 3846 Plutarchi
671 3791 765 3846 uerbis
784 3795 829 3846 De
848 3794 917 3847 Sera
931 3793 1016 3845 Num.
1030 3788 1164 3844 Vindicta
1180 3807 1197 3840 x
1213 3788 1297 3856 φασὶν

150 3857 350 3930 Ἀπολλόδωρόν
361 3882 424 3914 ποτε
437 3864 499 3916 κατὰ
511 3862 570 3916 τοὺς
581 3860 676 3916 ὕπνους
687 3865 750 3931 ὁρᾷν
764 3862 930 3933 ἐκδερόμενον
947 3863 1036 3914 ἑαυτὸν
1053 3861 1103 3914 ὑπὸ
1119 3859 1228 3922 Σκυθῶν,
1243 3853 1298 3911 εἶτα

150 3929 335 4001 καθεψόμενον,
347 3931 394 4000 την
406 3931 433 3983 δὲ
447 3932 551 4001 καρδίαν
563 3933 591 3986 έκ
603 3937 649 3986 τοῦ
662 3932 773 3999 λέβητος
784 3932 1014 4004 ὑποφθεγγομένην
1026 3931 1065 3983 καὶ
1077 3929 1215 3997 λέγουσαν·
1229 3927 1297 3997 Ἐγώ

151 4021 194 4054 σοι
204 3999 300 4054 τούτων
309 4001 383 4070 αἰτία,
392 4001 461 4055 nihil
471 4002 575 4071 elicias,
585 4020 650 4056 cum
662 4004 733 4057 haec
744 4002 779 4057 de
790 4003 900 4057 somnio
912 4012 1022 4058 tantum
1032 4001 1169 4056 dicantur.
1189 3998 1298 4053 Licebit

150 4080 246 4126 tamen
258 4089 371 4125 uersum
384 4082 412 4126 et
429 4072 465 4126 de
479 4074 641 4128 Ptolemaeo
656 4075 785 4128 Cerauno
800 4073 983 4143 interpretari.
1022 4075 1099 4127 Nam
1115 4071 1162 4125 hic
1177 4071 1297 4124 Cassan·

151 4141 236 4196 dreae
249 4142 401 4196 dominus
415 4160 479 4196 cum
492 4144 557 4197 dolo
567 4144 657 4198 factus
667 4154 751 4212 esset,
760 4161 793 4198 ac
804 4144 907 4198 sororis
916 4143 1055 4198 Arsinoae
1065 4141 1137 4195 lilios
1147 4143 1178 4195 in
1186 4141 1297 4210 gremio

149 4213 211 4265 eius
233 4215 311 4266 c'nter
329 4215 392 4283 ipsa
411 4212 505 4268 ascula
523 4214 690 4269 trucidasset
711 4215 814 4285 (Justin
833 4214 904 4269 xxiv.
924 4214 961 4282 3),
977 4214 1023 4267 dis
1040 4211 1238 4266 inmortalibus
1256 4214 1299 4263 tat

145 4285 279 4352 periuria
296 4289 398 4338 ettam
416 4291 532 4338 cruenta
545 4286 706 4355 parricidia
722 4285 932 4339 uindicantibus
949 4285 1030 4337 breui
1040 4287 1108 4352 pest
1125 4301 1143 4335 a
1157 4281 1250 4335 Galles
1268 4279 1296 4331 in

150 4353 211 4407 acie
224 4354 323 4407 multis
335 4355 499 4409 uulneribus
514 4358 627 4409 saucius
643 4361 758 4425 capitur
769 4356 817 4424 (ib.
833 4355 867 4424 5).
905 4354 990 4409 Cuius
1004 4353 1056 4407 etsi
1070 4357 1155 4422 caput
1166 4354 1296 4418 anzputa-

146 4429 212 4477 tum
223 4430 252 4477 et
261 4425 358 4478 lancea
365 4427 462 4495 finum
477 4436 520 4480 est
534 4426 594 4492 (ib.)
609 4426 699 4495 potuit
711 4437 807 4480 tamen
824 4424 950 4479 saucium
968 4441 1069 4492 corpus
1086 4419 1296 4492 ingestabuma

150 4496 350 4551 contumulari.
386 4498 424 4550 Et
441 4513 510 4551 sane
524 4497 624 4551 melius
638 4497 678 4550 sic
692 4496 793 4550 dicitur
805 4499 1019 4551 Cassandreus
1031 4494 1058 4548 h.
1069 4510 1093 4548 e.
1109 4492 1296 4554 Ptolemaeus,
