3038 5010
582 386 929 447 COMMENTARIVS.
1275 392 1331 445 127

180 544 234 598 nisi
252 545 322 597 forte
338 542 485 612 respicitur
503 559 572 610 gens
592 543 669 611 regia
682 544 756 597 unde
771 543 889 597 Limone
906 552 968 597 orta
981 552 1041 597 est:
1062 553 1089 596 et
1108 542 1148 595 sic
1168 559 1236 596 sane
1255 543 1332 597 dicta

180 625 223 670 est
233 614 390 668 Ereclrtlzeu
402 616 482 668 dorreo
495 616 518 667 F
520 655 526 666 .
541 633 565 667 v.
581 629 639 679 204.
688 617 789 668 fertur
807 631 890 683 quem
908 614 1079 667 admodum
1098 613 1209 666 Troilus
1227 617 1296 666 Aen.
1312 614 1329 668 i.

179 687 232 752 476
253 688 363 739 Fertur
381 687 459 754 equis
479 701 620 754 curruque
641 684 736 738 haeret
756 688 908 753 resupinus
928 687 1017 737 inani.
1150 688 1219 738 338.
1237 691 1330 749 turpe

180 756 402 809 ‘dishonoured'
414 755 536 808 αἰκισθέν.
645 758 713 809 339.
732 760 869 809 Viscera.
902 757 967 808 Eur.
982 755 1084 808 Troad.
1099 770 1134 823 90
1148 756 1174 806 al
1189 756 1331 823 Καφήρειοί

178 825 201 880 τ’
220 827 293 895 ἄκραι
314 828 427 878 Πολλῶν
447 826 574 879 θανόντων
593 824 707 893 σώμαθ’
725 825 828 895 ἕξουσιν
845 831 947 896 νεκρῶν.
974 829 1052 890 figat
1070 826 1224 893 transfigat.
1255 829 1331 878 olim

180 897 248 951 dum
261 895 366 950 reditus
381 897 410 949 fit
423 913 440 950 a
454 896 539 949 Troia
553 895 709 950 Graiorum.
864 899 934 951 340.
954 901 1013 950 sub
1026 906 1073 949 aut
1082 897 1123 949 ad
1136 895 1330 949 imminentem

181 968 359 1036 Caphareum
372 968 496 1034 refertur,
510 977 557 1020 aut
571 967 607 1020 ad
620 967 710 1020 undas
724 967 825 1037 quibus
841 978 937 1021 cautes
950 977 1089 1034 teguntur.
1127 967 1206 1019 Prius
1221 966 1332 1019 uidetur

180 1037 338 1106 significare
361 1040 470 1091 Seneca
490 1039 590 1104 Agam.
613 1050 625 1104 5
631 1039 735 1105 58-560
752 1039 808 1090 Est
828 1039 946 1092 lrurnilzs
967 1039 1051 1105 teneto,
1070 1040 1194 1107 scrupeis
1212 1039 1335 1091 mendax

180 1110 270 1176 rondes,
294 1109 346 1162 Vll
366 1126 437 1161 saxa
459 1110 569 1177 rapidis
592 1108 670 1161 clns'u
692 1110 842 1162 uerticibus
860 1111 943 1179 tegit
960 1109 1070 1161 Fallax
1090 1108 1276 1178 Caphereus.
1298 1150 1304 1161 .
1324 1149 1330 1161 .

118 1200 121 1206 ·
181 1180 250 1233 Are
259 1180 388 1232 imminet
394 1183 561 1248 praerupta.
600 1180 667 1231 Non
684 1189 727 1233 est
746 1179 786 1233 ‘at
802 1180 850 1233 the
867 1180 976 1233 bottom
996 1179 1028 1231 of
1042 1180 1090 1233 the
1109 1179 1245 1232 Euboean
1259 1180 1331 1246 gulf’

181 1249 220 1303 uti
243 1249 325 1303 vertit
349 1251 448 1317 Henry
470 1249 506 1302 ad
528 1250 597 1302 Aen.
621 1248 638 1300 i.
660 1251 701 1314 48.
738 1253 885 1303 Euboico.
923 1251 1086 1318 Caphareus
1107 1249 1331 1317 promunturium

182 1320 317 1373 Euboeae
336 1320 373 1372 ad
391 1319 545 1373 meridiem.
566 1321 634 1373 Mel.
656 1319 682 1372 ii.
702 1333 759 1386 107.
799 1320 845 1373 Sic
868 1320 952 1374 Trist.
975 1321 991 1372 i.
1016 1335 1036 1373 1.
1059 1321 1100 1387 84,
1123 1339 1147 1373 v.
1170 1332 1194 1385 7.
1216 1332 1258 1387 35,
1282 1319 1330 1373 Sil.

181 1389 306 1456 xiv.144.
345 1394 442 1444 Graia
455 1390 610 1443 Graiorum.
649 1390 1175 1459 811111Ττο.85κοῐλανΕὒβοίαςμιιχόν.
1265 1393 1331 1443 341.

180 1463 269 1514 ferox
289 1467 398 1525 raptor
414 1461 485 1513 Aiax
504 1460 600 1514 Oileus
620 1460 667 1529 qui
686 1479 704 1513 α
723 1464 835 1542 uirgine
855 1461 993 1529 (Pallade)
1014 1463 1127 1531 eezrgzne
1145 1459 1330 1529 (Cassandra)

181 1535 266 1600 rupto
287 1532 368 1602 (Met.
390 1531 444 1585 xiv.
464 1530 527 1598 468)
549 1548 671 1600 poenam
694 1531 743 1585 luit
766 1542 837 1585 ictus
863 1531 986 1599 fulmine,
1007 1549 1072 1584 mox
1092 1549 1200 1584 mersus
1220 1533 1328 1599 pelago.

181 1609 212 1655 et
223 1605 356 1655 hilmine
368 1608 400 1656 et
411 1618 544 1665 aequore
563 1603 627 1656 Sen.
643 1602 721 1655 Med.
734 1603 787 1655 660
799 1604 933 1656 Fulmina
948 1609 976 1656 et
986 1607 1075 1671 ponto
1091 1604 1212 1654 nzorzens
1227 1603 1328 1655 Oileus.

180 1674 250 1726 Aen.
270 1673 288 1726 i.
305 1687 348 1740 44,
361 1685 403 1740 45.
504 1675 574 1726 342.
592 1675 721 1726 adiuuet
741 1678 826 1738 ignis
848 1690 945 1737 aquas
966 1677 1016 1741 Ag.
1038 1673 1091 1740 650
1109 1675 1264 1738 Συνώμαααν
1280 1673 1331 1741 γὰρ

181 1741 253 1798 ὄντες
269 1744 388 1810 ἔχθιστοι
410 1744 439 1795 τὸ
457 1744 518 1812 πρὶν
535 1747 593 1812 Πῦρ
612 1745 652 1796 καὶ
671 1744 802 1798 θάλασσα.
850 1744 952 1797 Milton
973 1746 1002 1796 P.
1026 1745 1060 1797 R.
1083 1743 1118 1796 iv.
1137 1757 1188 1807 412
1215 1743 1330 1796 ‘Fierce

181 1813 241 1867 rain
264 1813 330 1867 with
351 1813 492 1881 lightning
511 1813 588 1882 mixt,
610 1825 696 1868 water
717 1814 783 1868 with
806 1815 855 1868 fire
879 1817 912 1867 ln
932 1814 1011 1867 ruine
1033 1813 1191 1867 reconcild.'
1262 1817 1331 1868 343.

181 1899 291 1938 uecors
312 1888 449 1948 agitetur
468 1902 567 1938 uecors
590 1885 637 1938 liat
660 1895 687 1938 et
710 1885 837 1953 agitetur.
919 1888 987 1938 344.
1008 1887 1116 1938 Vnum
1136 1888 1197 1948 qui.
1237 1885 1330 1937 Schol.

181 1954 217 2008 de
244 1957 360 2022 Marsya
385 1956 430 2008 uel
459 1957 585 2008 Pentheo
613 1955 767 2009 intellexit:
795 1973 862 2008 nam
889 1957 1021 2023 Marsyae
1045 1957 1118 2008 cutes
1143 1960 1184 2008 est
1209 1972 1332 2007 surianos

180 2025 292 2094 ele'reptu
300 2029 356 2094 per
366 2032 454 2093 artus,
467 2027 528 2079 Nec
538 2027 688 2095 quicquum
701 2028 760 2079 nisi
773 2028 879 2079 uulnus
895 2033 958 2079 erat
971 2028 1023 2093 (M.
1037 2024 1072 2079 vi.
1087 2026 1148 2093 388)
1161 2044 1167 2078 ;
1190 2026 1331 2078 Pentheus

182 2101 283 2149 trunca
301 2097 420 2150 ostendit
436 2097 547 2151 deiectis
564 2101 681 2166 corporo
699 2097 828 2150 membris
848 2099 887 2150 M.
901 2097 937 2150 iii.
953 2110 1011 2162 724.
1051 2096 1108 2150 Sed
1125 2095 1228 2148 rectius
1246 2096 1331 2148 lanus

184 2165 347 2219 Parrhasius
362 2166 453 2235 Epist.
470 2181 505 2232 44
524 2167 721 2235 interpretatus
741 2178 783 2220 est
804 2168 839 2221 de
854 2166 941 2220 Aiace
961 2167 1023 2237 ‘qui
1042 2167 1115 2220 ferro
1129 2166 1230 2220 dicitur
1244 2166 1331 2220 luisse

182 2235 402 2304 impenetrabilis
422 2248 533 2306 praeter
551 2237 694 2291 sinistrum
711 2239 784 2291 latus
804 2238 879 2307 quod
897 2238 1007 2291 obiecto
1027 2239 1126 2306 clypeo
1144 2237 1266 2304 tegebat,
1286 2238 1331 2290 uel

182 2316 212 2359 ut
231 2307 277 2359 alii
297 2308 410 2362 tradunt
432 2308 574 2376 iugulum!
620 2310 692 2361 Rem
714 2319 808 2362 narrat
831 2308 968 2362 Pindarus
993 2309 1089 2362 Isthm.
1113 2327 1130 2360 v
1152 2308 1211 2375 (vi).
1235 2319 1330 2375 35-54,

183 2377 229 2429 ubi
254 2377 322 2431 dicit
343 2379 503 2446 Herculem,
524 2380 715 2432 aTelamone
738 2379 885 2432 inuitatum
908 2379 1023 2448 poculis,
1044 2396 1139 2432 orasse
1162 2388 1191 2431 ut
1213 2378 1277 2431 huic
1298 2397 1331 2431 ex

183 2447 301 2516 coniuge
320 2448 444 2503 Eriboea
463 2449 534 2502 filius
554 2450 632 2517 foret,
653 2466 769 2518 corpore
791 2460 849 2503 tam
869 2449 1074 2519 impenetrabili
1094 2447 1232 2518 (ἅῤῥηκταν
1250 2449 1330 2517 φυὰν)

183 2534 268 2586 quam
287 2529 361 2572 esset
380 2519 469 2573 leonis
485 2519 565 2588 pellis
578 2537 663 2589 quam
682 2520 742 2589 ipsc
761 2530 879 2589 gereret.
917 2523 981 2589 Lyc.
996 2533 1119 2588 454-459
1132 2521 1167 2573 de
1181 2519 1267 2573 Aiace
1280 2523 1331 2572 Τοῦ

182 2587 288 2641 λύσσαν
306 2589 333 2641 ἐν
350 2590 488 2657 ποίμνῃσιν
506 2589 674 2660 αἶχματηρίαν
692 2589 811 2656 Χέαντος,
831 2589 859 2642 ὃν
878 2592 997 2660 Χάρωνος
1015 2591 1136 2658 ὠμηστοῦ
1155 2590 1218 2660 δορὰ
1238 2591 1330 2660 Χαλκῷ

181 2661 289 2728 τορητδν
307 2660 352 2713 οὐκ
373 2661 474 2726 ἔτευξεν
491 2660 519 2713 ἐν
540 2662 617 2730 μάχη,
638 2661 716 2713 Μίαν
739 2663 814 2730 πρὸς
831 2660 906 2730 ᾅδην
930 2662 979 2714 καὶ
1003 2661 1135 2729 petroli
1158 2660 1332 2727 πεπαμένον

182 2729 343 2796 Κέλευθον,
360 2730 407 2784 ubi
421 2734 534 2785 Tzetzes
549 2731 695 2799 Αὐξηθέντω
708 2732 735 2784 δὲ
747 2732 779 2799 τῇ
791 2734 881 2799 λεοντῇ
895 2736 986 2785 τοῦτον
996 2729 1128 2799 Ἡρακλῆς
1140 2730 1271 2784 ε’σκέπασε
1290 2733 1330 2783 καὶ

182 2799 348 2871 ταύτηναῦτῲ
357 2801 507 2871 ἐχαρίσατο·
521 2801 566 2872 ὑφ’
571 2801 599 2869 ἧς
608 2805 769 2871 σκεπόμενος,
778 2803 811 2858 ὡς
818 2806 952 2869 ληροῦσιν,
961 2802 1073 2871 ἄτρωτος
1081 2800 1191 2868 ἦν,πλι“ην
1198 2805 1277 2868 μόνου
1285 2805 1330 2854 τοῦ

181 2872 272 2935 τόπου,
285 2874 347 2924 κατά
360 2894 437 2937 τινας,
450 2876 496 2925 τοῦ
510 2874 668 2941 σκεπομένου
681 2875 768 2941 πρώην
783 2874 832 2926 ὑπὸ
851 2877 897 2925 τοῦ
913 2876 1039 2941 γωρυτοῦ,
1053 2871 1094 2923 ὅτε
1107 2871 1200 2938 ταύτην
1213 2872 1303 2939 ἐφόρει
1317 2873 1330 2923 ὁ

166 2938 321 3009 “Ἠρακλὶης·
341 2943 383 2995 ὅτε
402 2943 429 2995 δέ
449 2945 463 2994 ὁ
481 2943 551 3008 Αἴας,
564 2944 613 2996 ὑπὸ
631 2948 677 2997 τοῦ
696 2945 799 2998 σάκους,
830 2941 929 2995 ’Ἄλλοι
950 2943 978 2994 δέ
996 2945 1079 3011 φασιν
1101 2943 1158 3010 περὶ
1177 2941 1222 3006 τὴν
1241 2941 1329 2993 κλεῖδα

181 3017 280 3079 τρῶτον
298 3006 360 3066 εἶναι
378 3014 422 3065 τὸν
439 3012 542 3067 Αἴαντα.
589 3015 751 3068 Secundum
770 3015 942 3081 Aeschylum
964 3014 1012 3066 ula
1033 3023 1143 3066 tantum
1162 3012 1262 3064 uulnus
1281 3011 1330 3064 ad-

182 3081 321 3150 mittebat,
343 3093 414 3137 teste
438 3086 530 3138 Schol.
550 3087 620 3138 Ven.
643 3086 672 3138 ll.
693 3085 745 3138 xiv.
766 3100 825 3151 4ο4.
865 3084 937 3137 Vide
958 3083 1130 3136 Lobeckium
1150 3082 1186 3135 ad
1205 3082 1248 3135 Αἰ.
1270 3084 1328 3148 834.

182 3156 300 3207 uulnus
321 3170 372 3222 pro
393 3156 456 3208 loeo
481 3156 603 3209 uulneris
627 3155 660 3208 ‘a
681 3156 842 3208 vulnerable
864 3155 960 3224 point!
1006 3156 1072 3206 Non
1094 3152 1242 3205 dissimilia
1265 3163 1329 3205 sunt

183 3225 266 3291 Prop.
280 3223 306 3276 ii.
322 3239 362 3277 22.
378 3238 393 3290 7
412 3233 554 3294 quaerunt
568 3227 624 3279 sili
638 3227 745 3279 eerllnus
757 3227 837 3279 ocelli
848 3227 873 3278 h.
885 3244 909 3278 e.
923 3225 997 3278 unde
1011 3225 1198 3290 uulnerentur,
1214 3225 1278 3276 Luc.
1294 3223 1329 3277 iv.

182 3294 235 3359 764
248 3294 337 3347 oblato
350 3296 466 3348 uulnere
478 3298 503 3350 h.
514 3316 538 3351 e.
552 3298 619 3350 data
630 3297 763 3350 facultate
776 3295 950 3350 uulnerandi.
988 3295 1045 3349 Sed
1058 3296 1164 3348 uulnus
1176 3294 1273 3346 labere
1286 3311 1329 3361 ap.

184 3364 319 3418 Ouidium
332 3365 401 3419 alias
415 3376 457 3419 est
473 3367 620 3421 uulnerari.
692 3370 788 3420 habet
800 3377 830 3420 ut
844 3382 894 3434 312
909 3367 944 3419 de
957 3384 986 3418 re
999 3365 1150 3433 praeterita
1163 3364 1241 3417 cuius
1255 3374 1330 3417 extat
1368 3406 1371 3413 .

182 3434 327 3490 memoria.
351 3435 397 3489 Sic
401 3438 504 3505 fertur
509 3439 568 3505 336.
605 3441 675 3490 345.
687 3442 900 3502 Dryantiadae
914 3439 1041 3504 Lycurgo
1057 3435 1131 3490 ll.vi.
1146 3451 1195 3502 130
1203 3432 1333 3504 Δρύαντος

182 3505 235 3558 vids
244 3507 364 3573 «parentis
374 3510 526 3576 Λυκόοργος.
555 3509 635 3561 Idem
646 3525 663 3561 a
674 3509 814 3576 Sophocle
824 3508 975 3576 Antig.955
987 3516 1104 3560 uocatur
1112 3507 1171 3559 παῖς
1179 3508 1192 3557 ὁ
1201 3503 1331 3574 Δρύαντος

182 3573 303 3628 Ἠδωνῶν
315 3576 449 3639 βασιλεύς.
480 3583 663 3643 Rhodopeia
674 3595 779 3646 regna,
794 3580 827 3632 cs.
843 3581 911 3632 Her.
925 3593 949 3632 2.
967 3593 1022 3644 113.
1060 3576 1131 3629 Aiax
1145 3585 1172 3629 et
1187 3578 1329 3643 Lycurgus

182 3655 328 3714 tamquam
353 3649 389 3701 ob
415 3648 555 3702 insaniam
580 3667 610 3703 se
635 3649 688 3718 ipsi
719 3649 918 3703 interficientes
944 3648 1149 3716 coniunguntur
1178 3647 1263 3700 etiam
1293 3647 1329 3698 ab

184 3717 300 3784 Hygino
313 3732 373 3784 242.
410 3723 477 3773 346.
497 3722 571 3788 Hyg.
589 3735 636 3787 132
651 3720 797 3790 Lycurgos
809 3721 949 3787 Dryantis
959 3720 1044 3788 filius
1055 3719 1187 3771 Liberum
1200 3718 1233 3770 de
1245 3734 1331 3786 regno

174 3787 304 3857 fugauit
327 3806 408 3857 quem
420 3807 484 3842 cnm
496 3797 611 3860 negaret
622 3792 703 3844 elerum
716 3809 771 3843 esse
784 3793 937 3858 ternumque
950 3791 1058 3842 lz'bisset
1069 3795 1097 3841 et
1107 3789 1200 3841 ebrius
1212 3795 1330 3840 matrem

182 3874 264 3909 snam
277 3860 386 3912 uiolare
401 3861 542 3929 uoluisset,
556 3867 623 3915 tunc
635 3863 707 3914 uetes
721 3862 843 3914 erct'elere
859 3867 900 3914 est
915 3867 1037 3927 canutus,
1051 3861 1128 3929 qnod
1140 3860 1242 3912 dr'ceret
1257 3859 1335 3911 illud

183 3929 291 3981 mntem
313 3931 542 3984 rnedicumenlum
565 3949 627 3999 esse,
649 3933 727 4000 qnod
747 3937 849 3985 mentes
870 3934 1042 3984 immutaret.
1084 3932 1137 3999 qui
1158 3931 1273 3983 insania
1297 3929 1331 3981 ab

182 3999 283 4052 Libero
303 4001 404 4055 obtecta
424 4019 538 4055 uxorem
559 4020 640 4055 snum
660 4008 687 4055 et
697 4003 797 4072 filium
819 4003 963 4070 interfecit.
1001 4004 1149 4070 epsnneque
1168 4002 1331 4070 Lycurgum

178 4069 329 4138 purztlreris
350 4073 445 4126 obiecit
462 4072 495 4124 in
508 4073 678 4142 Rhodope,
698 4074 750 4141 qui
766 4090 845 4125 rizans
862 4079 903 4126 est
922 4073 949 4125 T
945 4072 1064 4139 lerocrue,
1081 4074 1161 4125 cuius
1180 4073 1330 4140 irriperium

183 4139 288 4194 lubuit.
322 4142 375 4195 hic
392 4142 539 4197 traditur
552 4161 648 4196 unum
662 4143 780 4212 pedem
798 4143 861 4196 sibi
876 4159 933 4212 pro
947 4143 1071 4195 ultibus
1085 4141 1259 4194 excidisse.
1290 4141 1331 4193 ef.

185 4210 264 4263 Seru.
278 4212 314 4264 ad
327 4215 397 4266 Aen.
413 4213 450 4267 iii.
467 4228 506 4280 14,
521 4214 614 4267 Schol.
629 4216 693 4267 Luc.
708 4213 726 4266 i.
742 4226 800 4281 575,
814 4214 849 4267 iii.
864 4229 925 4280 431.
964 4213 1048 4279 Hine,
1062 4213 1137 4281 quod
1151 4213 1238 4265 altero
1252 4227 1331 4263 crure

184 4291 329 4349 amputato
342 4285 431 4337 altero
443 4293 553 4337 tantum
563 4285 707 4353 crepidam
719 4295 836 4351 gereret,
849 4284 1022 4353 μονοκρηπῖδα
1035 4282 1140 4335 dictum
1153 4282 1239 4335 fuisse
1252 4289 1331 4349 putat

186 4351 260 4404 Salu.
275 4352 304 4404 in
317 4353 520 4422 epigrammate
538 4355 726 4424 Anthologiae
740 4354 791 4408 xvi.
810 4369 856 4420 127
873 4355 1007 4407 Duebner
1020 4354 1063 4406 Τίς
1080 4355 1125 4405 τὸν
1143 4352 1240 4418 θρήϊκα
1258 4350 1332 4402 τόνδε

183 4425 356 4490 μονοκρηπῖδα
369 4429 517 4494 Λυκοῦργον
537 4427 653 4479 Χάλκεον
672 4425 793 4477 Ἠδωνῶν
812 4427 891 4493 ταγὸν
911 4425 1090 4487 ἀνεπλάσατο;
1110 4422 1251 4489 Βακχιοκὸν
1270 4419 1333 4471 κατὰ

183 4491 296 4561 πρέμνον
307 4492 340 4548 ἴδ’
349 4496 383 4549 ὧι·
391 4495 509 4565 ἇγέρωχα
519 4498 633 4566 μεμηνὼς
646 4496 739 4565 Βριθὺν
750 4496 814 4562 ὑπὲρ
828 4497 942 4564 κεφαλᾶς
952 4494 1084 4547 ἀντὲτοκεν
1096 4493 1207 4561 χάλνβα.
1238 4489 1334 4542 Maurici
