3038 5010
208 380 239 445 111
616 378 942 441 PROLEGOMENA.

211 551 298 611 extat,
318 542 401 600 abest
419 558 437 599 a
455 539 587 614 reliquis.
599 539 636 599 de
650 539 760 599 Alebae
779 538 1164 614 11112511,Β1ο111020517,
1184 551 1288 617 poetae
1307 543 1356 618 qui

211 624 293 683 laesit
317 622 448 681 Athenas
472 635 541 695 523,
563 631 667 696 poetae
692 623 783 679 seueri
809 636 878 695 525,
902 631 1008 697 poetae
1029 621 1138 681 Achaei
1163 638 1231 697 541,
1252 635 1357 700 poetae

213 703 357 781 Syracosii
373 718 441 778 549,
455 703 603 778 Agenoris
619 706 686 777 569,
702 701 897 772 Aethalion,
913 701 1071 761 Melanthei
1086 705 1153 779 623.
1196 704 1261 762 Has
1275 722 1357 763 com·

212 795 328 845 mentus
343 794 387 843 est
400 785 504 861 aliquis
523 784 572 859 qui
586 801 687 842 uersus
702 801 753 842 eos
768 782 860 842 Ibidis
878 784 1112 858 interpretatione
1126 803 1223 844 carere
1238 785 1356 845 uiderat.

212 865 369 942 Pleraeque
386 884 423 925 ex
442 866 508 942 ipso
526 882 612 923 uersu
631 864 768 940 pendent,
783 881 1006 940 nonnumquam
1023 865 1098 923 male
1114 866 1259 925 intellecto
1278 877 1309 925 ut
1326 868 1357 926 in

213 949 341 1021 511,ubi
351 965 388 1005 ex
397 955 532 1023 corrupta
540 947 680 1023 scriptura
689 945 823 1004 codicum
834 945 922 1004 Stella
931 947 1072 1021 leotreprdo
1082 947 1235 1007 scholiasta
1244 948 1357 1006 Aleban

212 1030 242 1087 in
258 1029 338 1087 stella
354 1028 439 1087 leone
455 1037 555 1086 natum
570 1028 659 1097 finxit,
675 1036 704 1085 et
719 1045 774 1102 311
792 1027 841 1085 11111
859 1045 926 1085 cum
940 1025 1074 1086 Sordono
1088 1030 1184 1102 pallus
1202 1030 1357 1104 separatim

212 1111 353 1186 scriptum
373 1118 450 1168 essct
465 1108 626 1168 Scholiasta
646 1108 783 1185 paludem
803 1108 834 1165 in
849 1107 980 1166 Sardoue
1001 1109 1147 1169 intellexit.
1190 1110 1270 1168 Hinc
1290 1121 1358 1187 post

212 1191 328 1250 uitiatos
342 1191 460 1249 demum
476 1190 593 1250 codices
607 1190 697 1249 ibidis
712 1199 740 1248 et
754 1189 808 1247 hae
822 1198 852 1248 et
866 1198 975 1248 ceterae
991 1190 1074 1248 fictae
1089 1190 1225 1250 historiae
1240 1191 1357 1250 scholiis

212 1273 318 1333 inlatae
331 1272 472 1330 uidentur.
516 1270 581 1329 Has
595 1288 707 1342 omues,
722 1288 759 1328 ne
776 1270 921 1346 legentem
940 1271 1079 1341 fallerent,
1094 1274 1242 1344 asterisco,
1256 1291 1357 1331 uersus

212 1354 296 1418 fictos
311 1363 340 1413 et
353 1353 496 1412 inclinatis
511 1352 608 1412 litteris
623 1363 651 1411 et
665 1352 809 1424 asteriscO,
823 1352 932 1411 notaui.

255 1436 416 1512 Supersunt
432 1445 530 1493 tamen
549 1452 610 1492 non
627 1451 721 1510 pauca
739 1451 815 1509 quae
836 1429 981 1492 declarent
1000 1452 1061 1492 non
1077 1452 1138 1493 uno
1158 1443 1289 1512 ternpore
1304 1435 1357 1495 sed

213 1517 446 1576 adcrescentibus
473 1534 525 1592 per
552 1515 659 1574 multos
687 1532 781 1572 annos
809 1524 896 1590 atque
928 1515 1015 1573 etiam
1044 1515 1159 1575 saecula
1184 1516 1262 1575 uitiis
1289 1535 1358 1575 eam

212 1599 339 1675 speciem
355 1597 465 1656 scholia
480 1597 636 1674 sumpsisse
651 1614 709 1672 qua
728 1614 806 1654 nunc
824 1598 940 1654 utimur.
982 1596 1087 1655 Insunt
1104 1598 1183 1656 enim
1197 1598 1284 1656 etiam
1298 1599 1359 1656 sin·

212 1680 370 1739 carioribus
395 1696 513 1747 errores,
535 1679 690 1754 praecipue
712 1679 874 1748 nominum,
897 1694 1119 1754 nonnumquam
1142 1679 1229 1736 etiam
1253 1697 1357 1738 rerum.

212 1760 357 1837 Exemplo
368 1761 403 1819 sit
415 1760 511 1819 Schol.
525 1775 582 1833 259
592 1759 673 1835 quod
683 1759 713 1816 in
724 1777 784 1817 uno
796 1757 818 1814 P
829 1758 993 1836 incorrupte
1004 1758 1139 1818 traditum
1150 1769 1202 1819 est.
1225 1759 1359 1818 Amantor

204 1844 301 1918 filium
314 1861 396 1900 suum
409 1841 571 1900 Phoenicem
586 1842 709 1898 corconi!
723 1842 789 1915 quia
808 1842 912 1898 coniux
925 1843 985 1898 erno
994 1848 1034 1899 est
1045 1848 1186 1915 conquesto
1199 1841 1256 1899 sibi
1265 1842 1357 1900 Phoe-

212 1925 296 1981 nicem
310 1926 427 1981 noluzire
440 1926 468 1981 ei
478 1924 535 1980 utin
550 1924 667 2001 anferre,
681 1923 753 1997 quod
764 1929 852 1979 tamen
861 1921 978 1998 falsum
991 1929 1059 1981 erat.
1101 1922 1189 1980 Filios
1203 1922 1358 1982 Phoenicis

215 2004 244 2064 G
254 2005 401 2062 Tesallam
416 2015 444 2063 et
453 2005 593 2074 Dorilam,
603 2002 693 2061 Mure
701 2002 842 2061 Thirilam
855 2013 885 2061 et
893 2001 1041 2073 Doricam,
1054 2003 1119 2063 Cet
1129 2003 1191 2061 Ask
1201 2004 1356 2062 Thetillam

212 2084 368 2165 (Totilam)
391 2096 420 2144 et
442 2085 583 2143 Dorillam
605 2081 782 2162 (Dorissam)
807 2084 932 2154 tradunt,
953 2095 982 2142 et
1004 2102 1022 2143 2
1046 2103 1173 2143 nouerca
1196 2085 1357 2144 Licostrata

212 2168 273 2227 siue
291 2166 368 2237 Atta,
386 2166 444 2224 filia
464 2166 539 2241 regis
559 2165 732 2237 Gothorum,
753 2175 912 2223 accusatos.
954 2164 1045 2224 Cuius
1066 2167 1170 2224 erroris
1190 2167 1273 2242 orgio
1293 2167 1357 2225 talis

212 2249 325 2307 uidetur
345 2247 441 2306 luisse.
484 2248 628 2322 Scriptum
653 2247 744 2305 suerat
767 2248 797 2305 in
820 2247 999 2325 marginem
1024 2261 1081 2322 259
1103 2248 1245 2307 Phoenix.
1287 2248 1357 2306 Hoc

212 2329 367 2388 scholiasta
388 2329 425 2386 ad
449 2329 569 2387 alterum
590 2327 776 2399 Phoenicem,
797 2337 907 2403 patrem
929 2327 1031 2387 Phinei
1053 2330 1185 2399 Thracis,
1206 2329 1356 2392 transtulit.

213 2411 292 2469 Huic
313 2410 453 2469 Phoenici
474 2410 523 2467 filii
545 2409 659 2468 luerunt
679 2409 823 2485 Doryclus
846 2419 875 2468 et
896 2408 1069 2485 Oreithyius.
1112 2411 1239 2470 Thracia
1260 2421 1357 2469 autem

212 2510 280 2550 cum
294 2509 373 2551 anuo
389 2493 447 2566 376
456 2490 493 2549 A.
503 2491 540 2549 D.
556 2489 661 2550 Gothis
676 2501 754 2549 trans
768 2491 936 2548 Danubium
951 2491 981 2548 in
996 2509 1061 2549 eam
1076 2492 1200 2550 traiectis
1215 2503 1358 2569 occupata

211 2583 288 2632 esset
309 2571 443 2649 (Gibbon
464 2572 584 2631 Decline
605 2573 664 2631 and
685 2572 746 2629 Fall
764 2572 792 2630 ii.
810 2591 834 2630 c.
857 2574 903 2643 26,
923 2571 959 2630 01.
975 2571 1124 2631 Claudian.
1143 2572 1177 2630 B.
1193 2571 1258 2632 Get.
1278 2571 1356 2652 166),

212 2654 377 2713 Gothorum
391 2671 514 2729 reguum
528 2655 627 2712 uocari
641 2655 751 2729 potuit:
774 2654 847 2712 sicut
856 2653 954 2712 Totila
968 2664 1070 2712 notum
1085 2672 1194 2712 nomen
1209 2656 1239 2712 in
1251 2653 1357 2714 Gothis

212 2736 273 2794 fuit.
300 2736 433 2794 Similiter
447 2745 614 2811 corruptum
626 2744 668 2793 est
680 2734 819 2794 Scholion
829 2753 858 2795 u.
871 2739 938 2808 285.
959 2734 1047 2792 Ionus
1060 2736 1138 2795 enim
1152 2754 1220 2793 uere
1235 2735 1357 2795 sortasse

212 2818 347 2876 traditum
369 2827 431 2889 est;
462 2826 557 2875 cetera
581 2817 706 2874 conficta
727 2826 803 2875 suut.
846 2817 893 2875 Sic
915 2816 953 2875 ad
972 2835 1028 2890 293
1047 2816 1132 2875 Mure
1152 2817 1276 2892 uestigia
1296 2817 1358 2876 ueri

212 2917 342 2958 seruasse
357 2898 463 2966 iudico,
478 2899 501 2955 si
517 2897 635 2973 quidem
645 2897 856 2956 Echecratiden
871 2896 996 2956 Ouidius
1006 2898 1130 2974 Erycem
1145 2899 1306 2956 nominauit
1320 2900 1357 2956 ab

213 2981 342 3039 Hercule
358 2990 399 3038 ter
413 2981 531 3038 uictum.
574 2978 685 3037 Rursus
700 2992 758 3054 305
774 2988 851 3037 recte
865 2991 987 3054 possunt
1002 2979 1119 3038 Scholia
1134 2979 1171 3037 de
1185 2979 1285 3054 Pyrrhi
1300 2980 1358 3037 filia

211 3062 389 3138 interpretari
401 3081 409 3134 ;
432 3061 485 3121 sed
498 3061 574 3119 hanc
587 3061 759 3136 Perpilr'rom
774 3070 909 3119 uocatam
927 3060 1023 3131 fuisse,
1039 3078 1091 3118 seu
1104 3059 1174 3136 quid
1188 3060 1265 3118 aliud
1279 3061 1356 3130 latet,

212 3162 301 3202 nemo
316 3143 533 3202 demonstrauit.
554 3142 603 3200 Ad
616 3157 674 3217 315
685 3141 847 3200 Scholiasta
858 3141 922 3200 Val.
933 3141 1012 3200 Max.
1028 3151 1143 3200 secutus
1154 3151 1205 3210 est,
1218 3142 1309 3200 sedin
1320 3160 1358 3201 eo

212 3226 315 3284 errauit
330 3225 409 3301 quod
417 3224 538 3282 Darium
547 3222 578 3281 II
592 3223 682 3281 filium
696 3224 782 3299 primi
795 3223 871 3292 fecit,
881 3240 948 3281 cum
962 3222 1046 3280 fuerit
1054 3223 1231 3281 Artaxerxis.
1273 3223 1357 3281 Idem

212 3307 319 3364 sactum
335 3307 421 3364 estin
438 3305 560 3363 Scholiis
574 3305 611 3363 ad
624 3323 692 3378 321,
709 3308 777 3379 364,
793 3318 861 3379 379,
873 3322 942 3375 404,
955 3318 1022 3379 417,
1035 3317 1103 3378 475,
1119 3307 1188 3377 485,
1204 3318 1272 3377 501,
1289 3319 1356 3379 529,

213 3402 280 3462 539,
298 3400 355 3461 573
374 3387 450 3458 (cod.
467 3383 563 3461 82111),
580 3388 648 3460 633.
690 3385 716 3442 E
731 3387 836 3461 quibus
850 3387 977 3443 maxime
991 3385 1152 3444 notandum
1168 3388 1244 3444 duco
1261 3386 1356 3444 Schol.

212 3471 249 3527 ad
272 3482 329 3543 417
354 3469 390 3525 de
413 3468 470 3537 Iro,
495 3467 525 3524 111
553 3485 612 3542 quo
637 3466 787 3525 mirificam
811 3466 960 3524 historiam
983 3466 1147 3524 conflarunt
1170 3466 1357 3538 Scholiastae‚

212 3551 293 3608 cuius
305 3568 342 3606 ne
353 3549 472 3605 minima
483 3548 602 3623 quidem
616 3565 683 3622 pars
694 3548 772 3623 apud
784 3547 949 3605 Homerum
961 3556 1013 3605 est.
1039 3547 1097 3606 Sed
1108 3566 1202 3624 neque
1211 3548 1358 3623 Elpenora

212 3631 354 3689 amasium
368 3628 601 3704 Agamemnonis
616 3629 709 3706 (485),
724 3647 779 3687 nec
793 3628 945 3705 Eupolidis
962 3647 1084 3688 uxorem
1100 3628 1247 3687 Medelam
1263 3626 1357 3708 (529),

212 3730 267 3770 nec
282 3711 386 3768 Leium
404 3727 503 3785 regem
518 3709 634 3768 Murrae
653 3710 776 3768 ciuitatis
795 3710 977 3768 conditorem
994 3708 1090 3789 (539),
1105 3728 1159 3768 nec
1174 3711 1358 3769 Leucotheae

211 3803 323 3869 patrem
339 3791 477 3850 Sameum
492 3788 577 3870 (573)
598 3809 653 3849 1100
672 3791 823 3850 Cliniaden
838 3791 986 3849 Persicum
1007 3793 1079 3850 alius
1100 3793 1254 3868 quisquam
1276 3810 1357 3851 com-

211 3872 391 3932 memorauit.

252 3954 320 4013 Hae
340 3952 519 4030 corruptelae
540 3962 572 4012 ut
593 3953 724 4012 obscuris
746 3955 776 4011 in
796 3955 962 4012 uniuersum
988 3953 1090 4024 causis,
1112 3954 1152 4014 112
1172 3972 1234 4012 non
1255 3973 1319 4013 raro
1340 3973 1358 4011 a

211 4037 320 4095 tralatis
335 4054 386 4111 per
400 4053 527 4093 errorem
542 4036 709 4094 nominibus
724 4045 841 4094 exortae
856 4045 931 4094 sunt.
969 4036 1016 4095 Sic
1031 4055 1067 4093 ex
1081 4054 1109 4095 u.
1125 4054 1183 4108 404
1199 4036 1248 4093 ubi
1263 4036 1357 4094 adno-

211 4127 303 4176 tatum
325 4116 416 4174 luerat
433 4115 543 4188 Atrox,
561 4116 665 4175 uitiose
687 4117 724 4174 ad
746 4135 803 4191 399
824 4117 925 4175 tralato
947 4117 1067 4175 nomine
1088 4116 1258 4176 factumest
1279 4118 1309 4175 in
1328 4115 1357 4174 G

215 4198 302 4256 Trox
326 4205 352 4255 el
371 4197 478 4254 Anleus
489 4201 606 4276 fratres
615 4199 749 4275 suerunt.
790 4198 836 4256 Ex
857 4217 885 4256 u.
907 4215 964 4270 411
992 4197 1111 4273 Cercyon
1136 4199 1173 4257 ad
1200 4216 1258 4272 409
1281 4208 1357 4256 10110

211 4290 381 4338 reuocatum
398 4289 448 4349 est,
465 4280 517 4337 sed
536 4281 594 4337 iam
615 4289 749 4354 corrupta
766 4281 904 4356 scriptura
922 4281 951 4337 in
970 4279 1079 4354 Geryon
1087 4301 1101 4350 ,·
1129 4280 1210 4356 quod
1224 4298 1286 4338 nou
1301 4279 1357 4337 nisi

212 4371 279 4438 post
300 4360 448 4418 inductam
467 4360 617 4418 codicibus
637 4361 798 4419 barbariem
816 4361 951 4419 effectum
973 4371 1025 4418 est.
1068 4361 1103 4419 In
1125 4361 1182 4419 fine
1198 4360 1305 4419 Scholii
1320 4360 1357 4418 ad

213 4459 271 4518 353
283 4451 350 4519 post
364 4441 453 4499 uerba
466 4443 535 4516 cepi!
546 4442 671 4499 machari
681 4440 711 4501 G
725 4441 811 4501 habet
825 4449 851 4500 el
861 4461 921 4500 eum
936 4461 1043 4500 rossum
1057 4445 1162 4518 expuit,
1177 4460 1251 4518 quae
1266 4442 1357 4499 mani-
