3038 5010
554 370 840 430 COMMENTARI
872 370 900 429 S.
1241 378 1297 432 119

150 526 295 582 Theocriti
317 526 370 582 xvi.
384 542 418 594 34
438 529 451 579 ὁ
468 526 603 597 Ἀντιόχος
622 525 803 595 Ἐχεκρατίδου
824 527 864 579 καὶ
887 525 1031 594 Δυσὴριδος
1049 527 1101 582 υίὸς
1120 527 1157 593 ἦν,
1177 529 1211 583 ὥς
1229 532 1298 598 φησι

150 599 295 664 Σιμωνίδης,
316 609 343 651 et
365 600 515 651 Anacreon
536 614 586 650 seu
605 597 667 667 quis
690 597 760 650 alius
781 596 1015 665 epigrammatum
1035 609 1132 653 auctor
1153 599 1204 653 fuit
1217 603 1250 654 A.
1267 603 1296 656 Ρ.

148 669 184 722 vi.
218 683 275 736 134,
307 683 355 734 142
386 668 433 721 ubi
465 667 566 721 dicitur
596 668 674 737 ἀρχὸς
705 668 866 721 θεσσαλίας.
920 669 1069 722 Praeterea
1100 671 1297 738 Echecratian,

148 749 267 793 matrem
295 741 413 808 Scopae,
443 738 592 808 (Scopadis
623 748 717 791 autem
748 755 898 791 commune
928 756 1016 806 genus
1045 756 1109 792 curn
1139 741 1296 810 Aleuadis),

149 810 224 864 idem
242 811 335 863 Schol.
349 810 386 863 ad
399 809 452 863 xvi.
472 809 514 874 36.
553 809 610 862 Sed
629 809 698 861 nihil
717 809 752 862 de
772 809 826 861 hac
848 818 937 862 morte
955 810 1160 864 Echecratidae
1177 812 1296 880 repperi.

148 883 193 933 An
213 880 386 949 significatur
405 882 489 947 Eryx,
509 897 592 949 quem
614 880 751 933 Hercules
770 880 904 932 luctando
926 889 969 933 ter
989 880 1056 934 uicit
1075 891 1102 934 et
1122 881 1150 934 in
1172 881 1297 935 Siculum

148 969 226 1004 mare
239 950 451 1020 praecipitauit?
478 952 560 1003 Certe
577 952 669 1003 uictus
687 967 737 1018 pro
756 951 875 1018 quintus
890 950 1026 1020 scripturn
1044 961 1086 1004 est
1106 950 1133 1004 in
1154 954 1188 1006 T.
1224 953 1298 1007 Vide

149 1023 315 1074 Excursum.
376 1028 424 1075 ter
444 1025 574 1084 quintus
594 1020 706 1089 quintus
729 1020 855 1073 decimus
879 1022 947 1075 Her.
964 1021 1020 1074 viii.
1040 1023 1073 1087 48
1095 1040 1113 1074 a
1131 1023 1199 1076 Ioue
1216 1026 1299 1091 quin-

148 1097 195 1145 tus
213 1095 276 1146 eris.
400 1095 470 1145 295.
489 1094 702 1155 Amyntiaden
725 1091 886 1159 Philippum
908 1092 1048 1159 Amyntae
1071 1092 1166 1160 filiurn,
1188 1104 1298 1161 patrem

148 1163 300 1216 Alexandri
319 1162 423 1231 magni,
443 1179 527 1231 quern
546 1161 700 1215 Pausanias
714 1161 761 1230 qui
775 1163 883 1231 primis
896 1163 1056 1231 pubertatis
1070 1165 1155 1215 antris
1166 1168 1298 1233 stuprum

143 1237 200 1303 per
222 1235 361 1286 iniuriam
386 1237 490 1302 passus
520 1235 554 1286 ab
581 1233 681 1286 Attalo
703 1233 813 1302 fuerat,
839 1248 978 1300 quemque
1004 1242 1104 1301 postea
1128 1235 1298 1302 perductum

148 1306 179 1356 in
204 1305 367 1357 conuiuium
391 1304 569 1372 solutumque
592 1319 667 1355 mera
690 1304 811 1356 Attalus
834 1319 890 1355 nan
914 1319 981 1354 suae
1004 1309 1135 1379 tantum),
1150 1321 1249 1357 uerum
1273 1311 1302 1358 et

148 1376 334 1427 conuiuarum
353 1375 468 1428 libidini
491 1375 571 1427 uelut
589 1380 744 1427 scortorum
762 1375 826 1427 iure
846 1373 998 1425 subi'eeerat
1015 1374 1223 1443 ludibriumque
1243 1393 1299 1428 οιιι-

149 1447 230 1497 nium
244 1447 321 1497 inter
337 1446 465 1513 aequales
482 1444 648 1511 reddiderat,
663 1461 727 1496 cum
744 1445 897 1512 querellam
909 1442 1044 1512 Pln'lippa
1062 1447 1142 1513 saepe
1155 1446 1301 1500 detulr'sset

149 1521 177 1568 et
200 1532 256 1567 non
280 1517 340 1567 sine
364 1517 425 1567 risu
450 1516 621 1584 Μακαρίαν,
640 1515 830 1568 celebrantem
854 1513 966 1582 nuptias
988 1515 1154 1582 Cleopatrae
1175 1515 1248 1570 filiae
1268 1527 1296 1570 et

150 1586 302 1639 Alexandri
323 1585 396 1653 regis
417 1585 607 1654 Epirotarum,
629 1584 766 1639 interfecit
786 1587 857 1654 Just.
877 1598 900 1651 9.
922 1583 947 1638 6.
984 1584 1100 1638 Aristot.
1122 1586 1181 1639 Pol.
1204 1605 1229 1640 v.
1255 1602 1296 1642 10.

154 1656 185 1709 16
202 1654 236 1707 ‘H
253 1657 281 1708 δέ
301 1657 430 1709 Φιλίππου
448 1656 498 1710 ῦπδ
516 1656 666 1708 Παυσανίου
684 1653 821 1722 (ἐπίθεσις)
842 1654 884 1707 διὰ
902 1656 932 1706 τὸ
951 1654 1025 1707 ε’ἃσαι
1046 1655 1200 1723 ὑβρισθῆναι
1219 1657 1297 1710 αὐτὸν

150 1726 199 1779 ῦπὸ
211 1732 262 1779 τῶν
273 1723 479 1795 περὶἊτταλον.
516 1726 628 1779 Nobilis
647 1725 720 1778 inter
737 1725 841 1779 παιδικὰ
860 1725 976 1794 δράματα
994 1726 1065 1778 haec
1084 1742 1159 1778 mors
1174 1727 1296 1796 Philippi

150 1797 220 1850 fuit:
246 1814 313 1850 nam
334 1806 362 1850 et
381 1798 542 1850 Alexander
563 1797 586 1850 is
610 1796 638 1849 in
661 1796 739 1849 cuius
761 1795 865 1865 nuptiis
886 1796 960 1848 facta
979 1806 1030 1863 est,
1050 1806 1177 1865 stuprum
1196 1813 1213 1850 a
1233 1798 1298 1851 Phi-

151 1867 227 1936 iippo
258 1884 358 1936 passus
384 1867 482 1935 iuerat,
508 1867 618 1929 (lustin.
645 1866 701 1921 viii.
726 1865 763 1934 6),
788 1876 816 1920 et
840 1866 1001 1920 interfector
1024 1867 1182 1934 neglectam
1208 1867 1236 1920 in
1266 1886 1297 1922 se

150 1937 280 1990 iniuriam
299 1937 386 2006 stupri
406 1937 601 1991 ulciscebatur.
640 1937 770 2005 Micyllus
788 1938 879 1989 locum
898 1936 997 2006 interp.
1018 1937 1053 1990 de
1073 1937 1213 1990 Archelao
1232 1954 1298 2006 rege

152 2008 347 2077 Macedoniae,
374 2025 458 2077 quem
486 2010 621 2062 Crateuas
643 2008 702 2061 siue
726 2009 851 2074 Crateas,
870 2024 939 2075 puer
959 2018 1078 2076 amatus,
1097 2007 1200 2061 occidit
1225 2007 1298 2062 inter

150 2079 320 2145 uenandurn.
370 2080 447 2132 Nam
478 2088 550 2132 teste
581 2077 689 2131 Iustino
720 2078 765 2130 vii.
791 2093 808 2143 4
833 2079 978 2145 AmyntaS,
1006 2078 1129 2131 Menelai
1161 2078 1233 2132 iilius
1263 2096 1301 2132 ex

153 2150 265 2219 Gygaea
283 2150 483 2202 Archelaum
502 2150 662 2203 Aradarum
678 2149 843 2201 Menelaum
855 2149 980 2202 sustulit.
1018 2149 1087 2202 Plat.
1101 2148 1192 2203 Alcib.
1206 2149 1231 2203 ii.
1250 2164 1296 2215 141

150 2217 293 2288 Ἀρχέλαον
310 2221 355 2272 τὸν
372 2220 527 2272 Μακεδόνων
541 2219 662 2288 τύραννον
681 2220 712 2271 τὰ
728 2218 832 2271 παιδικὰ
847 2219 990 2286 ἐρασθέντα
1006 2221 1051 2284 τῆς
1067 2219 1213 2287 τυραννίδος
1225 2220 1300 2273 οὐδέν

150 2288 302 2357 ἦττονῆπερ
321 2291 416 2344 ἐκεῖνος
439 2295 490 2343 τῶν
508 2290 632 2343 παιδικῶν
656 2289 785 2342 ἀπέκτεινε
806 2290 851 2342 τόν
870 2287 989 2358 ε’ραστην,
1012 2289 1045 2343 ὣς
1066 2288 1186 2358 τύραννός
1205 2312 1233 2342 τε
1258 2293 1299 2344 καὶ

150 2360 274 2428 εὐδαίμων
286 2360 348 2430 ἀνὴρ
367 2360 498 2429 ἐσόμενος.
534 2360 618 2413 Arist.
634 2361 693 2412 Pol.
706 2379 729 2413 v.
748 2375 785 2413 10.
804 2372 834 2426 17
848 2360 951 2412 Bolitai
969 2357 991 2411 δ’
1006 2359 1134 2414 ἐπιθέσεις
1152 2361 1298 2429 γεγένηνται

151 2432 191 2483 καί
208 2431 249 2483 διὰ
266 2432 295 2484 τὸ
312 2431 347 2486 εἷς
366 2432 395 2483 τὸ
413 2436 487 2498 σῶμα
504 2431 624 2500 αἰσχῦναι
642 2436 691 2483 τῶν
708 2432 844 2500 μονάρχων
861 2451 939 2495 τινας,
958 2426 1012 2484 οἷον
1028 2431 1069 2482 καὶ
1086 2429 1100 2496 i]
1119 2432 1247 2499 Κραταίου
1264 2433 1300 2486 είς

150 2499 300 2570 Ἀρχέλαον·
329 2501 376 2554 ἀεὶ
394 2503 452 2572 γὰρ
471 2502 591 2569 βαρέως
609 2496 675 2570 εἶχε
692 2502 768 2568 πρὸς
786 2501 840 2568 τὴν
859 2500 992 2568 ὁμιλίαν.
1028 2501 1099 2555 Plut.
1119 2502 1243 2556 Amator.
1265 2518 1298 2570 23

151 2569 210 2625 ὅσοι
223 2572 251 2624 δέ
265 2571 299 2639 μὴ
315 2573 386 2624 κακοί
402 2574 546 2639 πεφυκότες
562 2570 759 2638 ἐξηπατήθησαν
774 2570 788 2638 ἢ
807 2571 1016 2636 κατεβιάσθησαν
1028 2571 1142 2624 ένδοῦναι
1161 2574 1201 2625 καί
1215 2595 1298 2642 παρα·

151 2644 226 2711 σχεῖν
242 2641 354 2708 ἑαυτούς,
368 2642 457 2695 οὐδένα
476 2644 578 2709 μᾶλλον
595 2640 609 2709 ἢ
629 2642 687 2696 τοὺς
705 2641 836 2696 διαθέντας
854 2642 1048 2711 ὑφορώμενοι
1067 2641 1116 2693 καὶ
1134 2646 1300 2709 μισοῦντες

151 2711 333 2766 διατελοῦσι
346 2714 388 2765 καὶ
403 2718 498 2783 πικρῶς
513 2711 651 2778 ἀμύνονται
664 2716 752 2780 καιροῦ
764 2712 931 2779 παραδόντος.
960 2710 1105 2781 Ἀρχέλαόν
1117 2734 1145 2763 τε
1157 2713 1208 2781 γὰρ
1221 2713 1298 2766 ἀπέκ-

150 2805 214 2835 τεινε
227 2785 342 2852 Κρατέας
354 2784 478 2852 ἐρώμενος
490 2785 610 2851 γεγονώς,
624 2783 664 2835 καὶ
676 2784 721 2836 τὸν
734 2785 841 2850 Φεραῖον
852 2780 1024 2848 Ἀλέξανδρον
1036 2782 1180 2836 Πυθόλαος.
1213 2783 1296 2837 Diod.

151 2853 204 2907 xiv.
218 2868 260 2922 37,
274 2853 321 2907 ubi
335 2864 430 2908 tamen
448 2853 549 2908 dicitur
562 2854 714 2907 Archelaus
730 2853 757 2905 έν
768 2874 816 2906 τινι
830 2852 938 2922 κυνηγίῳ
952 2853 1060 2920 πληγεὶς
1078 2852 1231 2908 ἀκουσίως
1248 2854 1297 2907 ὑπὸ

151 2926 283 2993 Κρατέρου
295 2929 341 2978 τοῦ
353 2924 488 2992 ἐρωμένου.
527 2924 602 2978 Huic
621 2924 778 2978 sententiae
796 2923 889 2992 potius
908 2922 1063 2991 adstipulor
1081 2920 1118 2990 (ι)
1136 2923 1212 2991 quod
1227 2926 1297 2977 Pau·

152 2994 246 3047 sanias
259 3012 316 3048 non
334 2996 369 3048 ab
384 2995 445 3064 ipso
466 2994 595 3064 Philippo
614 2994 735 3048 uiolatus
753 3004 803 3061 est,
818 2994 869 3047 sed
884 2994 920 3046 ab
933 2993 1047 3046 Attalo:
1067 3009 1158 3061 neque
1172 3010 1236 3046 eurn
1250 2994 1298 3062 qui

152 3075 366 3133 constuprarunt
379 3067 462 3135 turpi
472 3083 566 3118 amare
577 3066 745 3131 dilexerunt,
759 3064 810 3118 sed
824 3063 953 3116 iniuriam
966 3062 1172 3117 ulciscebantur
1185 3064 1298 3117 alterius

153 3136 310 3189 Pausaniae
327 3136 373 3205 qui
391 3154 489 3190 reuera
505 3136 610 3189 παιδικὰ
623 3137 711 3189 fuerat
726 3135 856 3203 Philippo
871 3133 967 3201 (Diod.
981 3133 1034 3186 xvi.
1049 3131 1102 3201 93).
1141 3131 1179 3201 (2)
1195 3135 1299 3186 Pausa·

151 3205 213 3259 nias
233 3206 381 3274 pueritiam
400 3224 530 3275 egressus
549 3224 605 3259 non
626 3206 682 3260 iam
700 3210 777 3275 puer
793 3205 844 3259 sed
862 3205 975 3271 iuuenis
992 3204 1038 3256 uel
1059 3204 1191 3257 νεάνιακος
1213 3205 1297 3272 (Plut.

152 3277 230 3330 Alex.
245 3276 286 3344 ιο)
298 3287 325 3331 et
335 3277 406 3330 inter
417 3277 538 3346 Philippi
549 3276 774 3345 σωματοφύλακας
784 3286 851 3329 erat.
879 3273 916 3343 (3)
930 3273 1024 3328 uerbis
1038 3276 1147 3327 Oderit
1159 3279 1191 3327 et
1203 3291 1298 3328 saeuo

151 3351 297 3401 uulnerat
309 3364 383 3401 ense
395 3346 538 3401 simillima
550 3357 615 3401 sunt
626 3364 697 3417 quae
711 3365 744 3400 ex
754 3347 905 3400 Aristotele
918 3355 945 3398 et
958 3345 1107 3398 Plutarcho
1120 3344 1207 3399 attuli.
1235 3347 1262 3397 N
1265 3362 1298 3398 ec

152 3426 247 3470 tamen
270 3417 374 3471 infitior
393 3418 544 3472 Perdiccae
567 3418 662 3485 filiurn,
681 3435 738 3471 non
760 3419 910 3485 Amyntae,
930 3433 947 3469 a
968 3415 1108 3484 plerisque
1127 3415 1298 3468 Archelaum

152 3488 288 3541 uocitari:
308 3498 336 3542 et
352 3490 440 3542 multo
458 3489 624 3542 celebratius
644 3487 801 3541 Pausaniae
819 3487 927 3540 lacinus
944 3485 1037 3538 fuisse.
1077 3487 1153 3538 Nam
1172 3502 1206 3538 ex
1223 3487 1297 3539 Suet.

154 3560 213 3612 Cal.
229 3570 269 3627 57,
288 3560 401 3628 Ioseph.
418 3559 556 3628 Antiquit.
569 3559 622 3612 xix.
639 3574 660 3613 1.
677 3574 706 3625 13
721 3567 831 3611 constat
846 3557 1002 3624 Caligulam
1022 3573 1039 3609 a
1059 3555 1158 3608 Cassio
1173 3556 1300 3609 Chaerea

153 3628 329 3683 interfectum
342 3647 405 3683 esse
418 3640 466 3683 aut
479 3630 581 3683 eodem
597 3629 641 3682 die
659 3641 706 3682 aut
724 3639 788 3682 acto
804 3628 832 3681 in
848 3645 934 3681 scena
950 3627 1051 3680 eodem
1069 3627 1229 3694 spectaculo
1242 3643 1298 3695 quo

153 3700 309 3753 Pausanias
331 3699 491 3769 Philippum
512 3699 660 3753 occiderat.
722 3703 790 3752 296.
814 3715 908 3753 saeuo
929 3715 979 3766 per
1000 3697 1078 3750 iram.
1145 3700 1216 3751 297:
1234 3699 1299 3750 fida
1395 3709 1399 3715 '

152 3774 265 3834 poeula
274 3771 402 3837 innocua,
411 3787 522 3824 ueneno
532 3770 664 3824 carentia.
679 3768 1045 3835 Sicluuenalis6.63onulli
1052 3767 1298 3820 creditemensae.

153 3842 259 3894 Liuida
269 3842 518 3911 maternaseruent
527 3843 644 3910 adipata
657 3857 769 3893 uenena.
814 3843 884 3893 298.
895 3843 958 3900 oui
967 3838 1135 3891 Alexander.
1147 3839 1222 3891 Cart.
1231 3857 1256 3890 x.
1269 3854 1301 3890 10

159 3911 263 3964 Venena
276 3918 403 3965 necatum
415 3930 471 3965 esse
483 3913 620 3966 credidere
627 3913 773 3980 plerique:
783 3913 882 3981 filium
895 3910 1051 3978 Antipatri
1060 3911 1138 3962 inter
1148 3911 1300 3976 minzbtras,

153 3983 255 4034 Iollam
265 3984 383 4047 nornine,
388 3985 485 4051 patris
494 3985 573 4035 iussu
582 3983 692 4036 dedibse.
719 3983 780 4035 Vim
788 3987 881 4034 autem
892 3982 999 4047 neneni,
1009 3981 1123 4049 quadiu
1133 3981 1301 4033 Macedonia

148 4054 293 4122 gignitur,
306 4054 391 4106 talem
405 4071 461 4106 esse
472 4059 586 4120 canstat,
601 4052 753 4121 ulferrum
765 4069 874 4122 quaque
885 4056 996 4104 eiurat.
1028 4051 1167 4120 ungulam
1182 4051 1304 4103 iumenti

152 4124 304 4177 dumtaxat
316 4126 472 4193 patientem
488 4142 543 4176 esse
557 4129 664 4177 constal
678 4125 746 4176 suci.
784 4124 898 4192 Stygem
914 4122 1061 4190 appellant
1068 4122 1188 4189 sontem,
1200 4138 1237 4173 ex
1247 4137 1302 4188 quo

151 4195 315 4262 pestiferum
340 4196 423 4247 uirus
439 4200 558 4248 emanat.
596 4195 660 4247 Hac
679 4198 735 4263 per
754 4194 943 4246 Cassandrum
962 4192 1090 4244 adlatum
1109 4191 1302 4258 traditumque

145 4264 243 4333 fratri
259 4265 348 4317 Iollae
364 4271 392 4318 et
409 4266 443 4318 ab
460 4283 490 4318 ea
508 4269 653 4333 supremae
671 4266 745 4334 regis
759 4265 873 4333 patiani
889 4264 1020 4316 inditmn.
1075 4264 1245 4325 cornigero
1263 4263 1301 4312 de

154 4338 230 4388 Ioue
247 4341 342 4389 natue
364 4335 461 4389 lustin.
482 4335 518 4387 xi.
540 4350 567 4387 11
592 4335 645 4388 Ad
660 4336 756 4387 Iertem
775 4334 874 4387 deinde
890 4334 1057 4387 Anuuanem
1074 4333 1174 4400 pergit
1193 4329 1299 4383 carzsul·

153 4411 238 4458 turus
252 4412 280 4459 et
295 4406 328 4459 de
342 4412 443 4459 erientu
452 4407 624 4476 suturarum
637 4411 665 4458 et
675 4406 708 4458 de
724 4407 834 4474 origine
846 4421 904 4456 sua.
942 4403 1148 4472 Ingredientem
1165 4399 1299 4468 templum

153 4478 251 4529 statim
268 4479 408 4530 antistites
425 4482 457 4529 ut
468 4477 618 4530 Artemonis
625 4477 727 4542 filium
744 4476 878 4528 salutant.
916 4475 969 4528 Ille
987 4475 1078 4527 laetus
1091 4473 1139 4526 dei
1154 4469 1301 4539 adeptione
